1674 2672
654 203 764 234 TEST
785 203 968 234 PAPERS.
1112 199 1119 208 '
1461 203 1478 234 1

484 478 628 513 'I'ES'I'
653 478 848 514 PAPER
872 479 914 513 6.
943 477 1131 519 (§§1-16.)

180 571 208 600 1.
232 567 414 600 Translate
429 569 537 607 2—(a)
559 568 576 608 ξ
591 567 620 607 5,
638 569 689 599 Ac
705 569 791 599 mihi
807 569 948 609 quidem
966 592 974 600 .
989 592 996 600 .
1011 593 1018 599 .
1034 569 1240 600 concedant.

490 624 540 663 (b)
562 624 579 664 ξ
598 625 647 662 13,
666 623 693 655 O
711 625 774 656 Cn.
793 625 938 666 Pompei
957 648 964 655 .
979 648 985 655 .
1002 649 1008 655 .
1026 624 1140 656 litora.

232 703 338 736 What
354 704 383 736 is
399 704 460 735 the
478 703 641 743 meaning
655 703 737 734 of—

223 759 275 798 (α)
304 760 340 791 Si
357 760 471 790 minus
488 760 673 791 referenda
685 759 799 799 gratia
821 759 1027 791 satisfacere
1037 759 1223 800 potuerim,
1237 759 1471 799 praedicanda

354 807 390 836 et
407 804 568 836 habenda
584 808 680 836 certe
697 804 782 835 satis
798 814 874 835 esse
891 804 1071 836 facturum
1089 814 1145 835 me
1163 814 1264 844 pono.

221 860 273 898 (b)
302 860 352 898 Ei,
384 860 444 900 qui
475 870 595 891 omnes
625 860 742 891 animo
773 860 924 891 virtutes
955 861 1098 900 penitus
1135 860 1471 900 comprehendisset,

351 905 467 936 onmia
484 914 573 945 quae
590 904 731 943 faceret,
748 908 843 936 recte
860 915 897 936 se
914 905 1008 936 dare.

228 957 275 1000 (c)
303 959 427 991 Fuisse
443 960 595 991 iudicem
612 970 653 990 ex
671 959 740 990 illis
756 959 935 1000 equitibus
952 960 1119 991 Romanis
1143 957 1360 1000 gravissimis
1385 961 1468 992 viris

349 1005 525 1035 neminem
541 1005 625 1044 quin
641 1007 838 1035 removeret-
853 1005 980 1036 oculos.

219 1058 272 1100 (d)
300 1059 511 1100 Temporum
527 1060 641 1101 magis
657 1070 721 1100 ego
737 1071 830 1092 nunc
846 1060 943 1092 vitiis
960 1070 1065 1101 quam
1082 1071 1210 1100 genere
1231 1060 1351 1092 iudicii
1369 1061 1467 1102 plura

347 1105 472 1137 dicam.

169 1185 199 1215 3.
228 1183 281 1225 (α)
309 1185 398 1216 Give
414 1185 476 1215 the
492 1184 624 1224 gender
639 1183 709 1215 and
725 1184 883 1224 genitive
898 1185 1055 1225 singular
1078 1185 1115 1215 of
1131 1184 1337 1224 foederibus,
1357 1185 1464 1224 officii,

344 1230 492 1266 ubertas,
508 1229 693 1266 mendacio,
711 1229 837 1267 laudis,
853 1230 960 1267 salus,
979 1230 1160 1268 equitibus.

224 1286 276 1323 (b)
304 1285 392 1317 Give
407 1284 468 1316 the
485 1285 655 1325 principal
678 1288 775 1325 parts
801 1285 838 1316 of
859 1284 1040 1324 reserenda,
1068 1286 1187 1323 dediti,
1208 1288 1299 1324 nato,
1328 1290 1462 1323 constet,

307 1359 315 1369 ,
343 1328 488 1368 licuisse,
502 1333 751 1369 peram-assent,
769 1333 914 1368 nossent,
932 1331 1147 1369 conferemus,
1164 1331 1358 1370 inrepsisse.

455 1463 600 1499 'rnsr
625 1463 821 1499 PAPER
846 1464 885 1499 7.
914 1464 970 1506 (ἐς
987 1464 1121 1506 17—30.)

162 1550 192 1581 1.
219 1551 401 1582 Translate
414 1548 525 1590 :——(a)
547 1549 630 1589 §20,
650 1538 718 1580 Se'd
734 1551 849 1580 totum
866 1550 931 1581 hoc
949 1574 956 1580 .
1018 1552 1212 1581 uterentur.

174 1620 185 1640 ι
473 1606 525 1643 (b)
546 1605 562 1645 ξ
576 1603 629 1643 27,
647 1605 707 1643 Ut,
724 1605 753 1636 si
771 1605 936 1637 Gaditani
953 1631 959 1636 .
975 1631 981 1636 .
997 1631 1004 1636 .
1021 1607 1132 1646 possit
1148 1617 1234 1638 esse.

159 1686 190 1716 2.
218 1683 270 1725 (α)
298 1685 403 1717 Parse
421 1685 594 1725 jussisset,
615 1684 750 1722 populi,
768 1684 975 1722 haberemus,
987 1684 1078 1724 jure,
1096 1685 1270 1723 commodo,
1288 1684 1324 1716 in
1344 1686 1360 1716 1
1378 1685 1431 1723 (ιι)
1449 1699 1456 1722 ;

323 1730 404 1775 ⁸and
421 1730 498 1767 civi,
515 1729 712 1766 mutandae,
729 1728 765 1759 in
783 1730 800 1759 1
817 1729 882 1767 (b).

219 1786 271 1825 (b)
297 1785 402 1817 What
423 1786 453 1817 is
478 1785 540 1816 the
567 1784 733 1824 meaning
759 1784 796 1815 of
808 1784 958 1815 P—hunc
988 1796 1009 1815 a
1037 1795 1088 1816 me
1117 1786 1216 1824 quasi
1241 1786 1456 1824 perpoliendi

335 1831 503 1869 quendam
529 1830 639 1868 operis
665 1833 845 1860 eoetremum
872 1830 1041 1866 Iaborem;
1077 1834 1116 1860 ut
1141 1832 1200 1869 qui
1211 1830 1318 1869 fundi
1333 1831 1456 1869 populi

326 1875 416 1914 facti
454 1885 522 1905 non
561 1878 680 1911 essent,
720 1874 887 1904 civitatem
921 1886 987 1905 non
1024 1875 1203 1911 habe-rent,-
1245 1875 1452 1912 libertinus,-

334 1917 581 1959 stipericliarii‚-
607 1919 765 1958 spons=i05
793 1929 897 1950 secus.

153 2001 183 2030 3.
213 1997 265 2039 (a)
293 1998 436 2031 Dec-line
452 1999 516 2037 vir,
533 1999 593 2036 mk,
614 1999 717 2035 virus,
735 1998 1016 2037 alieniyenarnm.

214 2055 266 2093 (b)
294 2055 382 2087 Give
399 2055 459 2086 the
475 2055 694 2094 comparison
710 2054 748 2085 of
761 2064 902 2094 paucus,
925 2055 1095 2094 proprius,
1122 2055 1277 2094 breviter,
1291 2055 1450 2093 peritius,

327 2111 432 2132 secus.

157 2173 161 2176 ·
218 2155 266 2197 (c)
294 2156 382 2188 Give
398 2155 569 2196 principal
595 2157 692 2196 parts
718 2154 756 2186 of
780 2159 867 2193 utor,
894 2155 1030 2194 dicarit,
1041 2156 1176 2195 fierent,
1191 2155 1446 2195 proficiscentes,

325 2201 552 2232 contulerunt.
