1674 2672
594 272 602 277 ,
634 239 817 267 εΕοΤῙΟΝε
848 228 1013 267 19-27.
1443 229 1461 265 1
1471 228 1491 266 7

166 331 337 368 civitatis
382 331 562 377 praemiis
596 330 710 366 adfici
743 331 897 376 possit?
959 331 1014 366 24.
1043 330 1196 366 Etenim
1231 327 1270 365 in
1305 331 1490 377 populum

168 379 384 414 Romanum
412 390 529 424 grave
555 383 614 413 est
641 390 719 413 nou
745 390 857 424 posse
885 378 945 413 uti
973 379 1085 413 sociis
1116 378 1315 413 excellenti
1345 386 1491 414 virtute

167 426 363 481 praeditis,
383 426 448 472 qui
474 425 596 460 velint
625 437 712 460 cum
737 426 920 470 periculis
938 426 1082 461 nostris
1100 437 1169 460 sua
1185 425 1488 461 communicare·
1481 454 1489 468 ‚

165 475 208 509 in
234 484 356 509 soclos
384 484 472 508 vero
501 472 603 517 ipsos
630 476 668 507 et
697 473 735 506 in
765 483 841 513 eos,
858 473 904 507 de
931 473 1070 518 quibus
1087 472 1257 527 agimus,
1276 472 1491 508 foederatos

164 520 396 556 iniuriosum
413 524 452 555 et
470 519 790 554 contumeliosum
808 523 869 555 est
888 520 933 554 iis
952 520 1131 574 praemiis
1153 524 1192 555 et
1211 520 1258 555 iis
1277 520 1489 555 honoribus

165 568 340 604 exclusos
382 579 466 602 esse
508 567 751 602 fidelissimos
785 571 823 602 et
855 567 1191 603 coniunctissimos
1226 568 1360 607 socios,
1394 579 1490 614 quae

165 619 325 660 pateant
352 614 623 660 stipendiariis,
641 618 800 660 pateant
825 614 1014 655 hostibus,
1032 619 1190 660 pateant
1217 626 1328 661 saepe
1356 616 1487 650 servis.

164 661 267 698 Nam
294 661 564 707 stipendiarios
592 673 637 696 ex
663 661 809 702 Africa,
837 661 977 703 Sicilia,
1007 661 1196 703 Sardinia,
1231 662 1371 697 ceteris
1407 674 1490 708 pro-

165 709 304 745 vinciis
338 709 480 744 multos
506 708 662 744 civitate
696 708 857 744 donatos
890 709 1078 750 videmus,
1107 712 1157 750 et,
1188 709 1253 755 qui
1280 710 1411 745 hostes
1441 710 1490 745 ad

163 761 316 793 nostros
342 757 592 802 imperatores
619 756 881 801 perfugissent
900 760 938 792 et
964 767 1106 800 magno
1130 757 1220 791 usui
1244 756 1300 791 rei
1316 756 1492 803 publicae

165 808 321 840 nostrae
350 804 531 844 fuissent,
560 803 704 838 scimus
733 803 889 838 civitate
915 815 1000 839 esse
1026 804 1210 844 donatos;
1237 815 1367 840 servos
1385 804 1490 839 deni-

164 863 250 898 que,
279 862 442 897 quorum
474 851 547 892 ius,
576 850 741 891 fortuna,
773 851 945 886 condicio
975 851 1106 886 infima
1138 854 1210 892 est,
1241 851 1336 886 bene
1371 851 1416 887 de
1449 863 1490 886 re

163 898 318 945 publica
345 899 505 933 meritos
535 909 719 944 persaepe
748 898 939 940 libertate,
973 898 1013 933 id
1045 902 1105 933 est
1139 898 1307 939 civitate,
1342 899 1492 944 publice

163 946 298 982 donari
314 945 502 980 videmus.

106 999 150 1055 V
210 993 259 1028 X.
285 993 341 1028 25.
366 993 479 1028 Hanc
504 996 549 1028 tu
578 992 712 1038 igitur,
737 995 898 1038 patrone
915 992 1115 1028 foederum
1133 1004 1176 1027 ac
1193 991 1490 1034 foederatorum,

164 1040 426 1076 condicionem
445 1039 587 1075 statuis
607 1039 820 1081 Gaditanis,
846 1040 927 1075 tuis
945 1040 1105 1081 civibus,
1123 1044 1179 1081 ut,
1197 1040 1299 1086 quod
1318 1041 1378 1081 iis,
1397 1053 1491 1086 quos

163 1088 315 1133 magnis
333 1087 455 1123 adiuti
472 1087 610 1132 opibus
630 1098 652 1121 a
669 1087 879 1123 maioribus
893 1087 973 1123 tuis
990 1087 1110 1123 armis
1130 1087 1356 1133 subegimus
1375 1092 1493 1134 atque

163 1135 205 1170 in
224 1135 412 1170 dicionem
429 1139 601 1170 nostram
625 1134 860 1179 redegimus,
889 1135 1012 1176 liceat,
1041 1135 1073 1169 si
1101 1135 1267 1180 populus
1294 1135 1492 1170 Romanus

163 1182 394 1228 permiserit,
412 1185 456 1217 ut
474 1182 521 1217 ab
548 1185 688 1217 senatu
715 1186 753 1217 et
778 1182 826 1218 ab
850 1182 1147 1228 imperatoribus
1172 1182 1316 1217 nostris
1336 1183 1494 1218 civitate

163 1230 366 1271 donentur,
391 1229 433 1264 id
456 1241 504 1264 ne
528 1229 642 1264 liceat
668 1229 791 1275 ipsis?
841 1229 915 1274 Qui
942 1230 974 1265 si
1000 1230 1080 1264 suis
1108 1229 1274 1265 decretis
1292 1229 1493 1275 legibusve

168 1278 398 1318 sanxissent,
417 1288 464 1312 ne
482 1277 568 1323 quis
586 1288 743 1312 suorum
762 1277 904 1312 civium
922 1281 1050 1312 castra
1065 1277 1344 1322 imperatorum
1362 1277 1494 1323 populi

164 1323 329 1360 Romani
355 1324 482 1365 iniret,
518 1335 567 1359 ne
594 1324 681 1370 quis
711 1336 750 1359 se
776 1336 847 1370 pro
871 1328 1004 1360 nostro
1028 1324 1190 1370 imperio
1215 1325 1256 1359 in
1280 1325 1494 1370 periculum

164 1372 301 1418 capitis
319 1375 435 1418 atque
452 1372 492 1406 in
507 1371 608 1406 vitae
621 1371 830 1406 discrimen
845 1372 1019 1413 inferret,
1035 1371 1315 1407 Gaditanorum
1329 1372 1494 1414 auxiliis,

163 1430 251 1454 cum
269 1419 468 1460 vellemus,
485 1419 544 1453 uti
562 1419 671 1454 nobis
689 1423 734 1454 ut
758 1420 904 1461 liceret,
929 1419 1105 1465 privatus
1132 1431 1223 1454 vero
1249 1431 1298 1454 ne
1323 1420 1409 1465 quis
1435 1420 1494 1454 vir

164 1471 204 1502 et
231 1466 358 1502 animo
385 1471 423 1502 et
451 1467 600 1502 virtute
627 1466 863 1520 praecellens
888 1478 959 1512 pro
983 1471 1116 1502 nostro
1141 1466 1303 1520 imperio
1322 1467 1493 1512 periculo

165 1525 234 1549 suo
251 1514 465 1551 dimicaret.
483 1514 655 1559 graviter
671 1514 736 1548 id
727 1526 810 1549 lure
827 1514 1028 1555 ferremus,
1054 1514 1178 1548 minui
1203 1514 1344 1548 auxilia
1361 1515 1493 1560 populi

165 1560 340 1601 Romani,
373 1561 564 1596 debilitari
596 1561 745 1596 animos
787 1561 1089 1596 fortissimorum
1135 1561 1319 1601 virorum,
1362 1561 1493 1597 alieni-

163 1620 350 1653 genarum
374 1620 444 1644 nos
473 1608 673 1643 hominum
699 1609 838 1644 studiis
864 1613 980 1655 atque
997 1614 1156 1644 externa
1172 1609 1322 1644 Virtute
1338 1610 1493 1654 privari.

165 1655 220 1691 26.
247 1655 371 1702 Atqui
396 1656 495 1690 nihil
522 1655 696 1697 interest,
725 1656 882 1698 iudices,
909 1660 1043 1691 utrum
1068 1656 1161 1691 haec
1195 1656 1385 1691 foederati
1413 1657 1496 1691 iura

163 1704 469 1744 constituant‚ut
487 1715 536 1738 ne
552 1703 615 1738 cui
630 1703 745 1738 liceat
764 1716 808 1739 ex
822 1704 868 1738 iis
883 1703 1106 1739 civitatibus
1119 1703 1167 1738 ad
1181 1708 1404 1738 nostrorum
1418 1704 1495 1738 bel-

163 1750 292 1786 lorum
309 1751 478 1796 pericula
495 1750 686 1792 accedere,
712 1763 773 1792 an,
799 1762 896 1796 quae
921 1763 991 1786 nos
1018 1762 1150 1786 eorum
1168 1750 1318 1786 civibus
1337 1751 1494 1786 virtutis

163 1809 281 1833 causa
296 1798 558 1838 tribuerimus,
577 1810 621 1833 ea
636 1803 722 1834 rata
735 1810 906 1833 essenon
919 1798 1080 1844 possint.
1106 1797 1239 1833 Nihilo
1253 1798 1352 1832 enim
1369 1799 1494 1844 magis

163 1852 362 1880 uteremur
387 1845 434 1880 iis
460 1845 701 1881 adiutoribus
729 1846 892 1881 sublatis
918 1846 1077 1881 virtutis
1103 1845 1294 1891 praemiis,
1320 1857 1434 1891 quam
1462 1846 1495 1880 si

163 1893 318 1928 omnino
334 1893 383 1927 iis
400 1893 547 1928 versari
564 1893 604 1927 in
621 1893 766 1928 nostris
783 1893 895 1928 bellis
921 1905 999 1929 non
1024 1893 1171 1928 liceret.
1222 1892 1391 1934 Etenim,
1409 1905 1495 1928 cum

163 1951 234 1986 pro
252 1951 322 1975 sua
338 1940 464 1985 patria
479 1940 594 1985 pauci
618 1945 707 1986 post
732 1952 855 1986 genus
881 1941 1081 1976 hominum
1105 1944 1240 1974 natum
1257 1941 1398 1986 reperti
1416 1941 1495 1975 sint

165 1988 231 2041 qui
258 1987 374 2022 nullis
399 1987 581 2033 praemiis
607 1988 815 2033 propositis
840 1988 960 2023 vitam
986 2000 1093 2023 suam
1119 1988 1288 2022 hostium
1315 1988 1403 2023 telis
1430 1988 1493 2023 ob-

163 2034 334 2076 iecerint,
365 2046 434 2080 pro
463 2035 587 2071 aliena
603 2047 645 2070 re
662 2035 817 2079 publica
839 2047 1070 2089 quemquam
1097 2034 1177 2069 fore
1202 2035 1350 2088 putatis
1370 2035 1432 2080 qui
1453 2047 1492 2070 se

165 2087 332 2127 opponat
349 2082 529 2128 periculis
548 2094 624 2117 non
643 2083 754 2118 modo
771 2083 878 2118 nullo
891 2083 1088 2128 proposito
1101 2082 1282 2128 praemio,
1297 2082 1364 2117 sed
1377 2083 1493 2117 etiam

164 2129 375 2165 interdicto
391 2129 407 2165 P

73 2173 284 2258 ⁵-·¹{1XI.
308 2176 364 2212 27.
393 2176 470 2212 Sed
495 2188 583 2212 cum
609 2180 670 2212 est
694 2177 790 2213 illud
815 2177 1095 2223 inperitissime
1112 2177 1258 2212 dictum
1277 2177 1323 2211 de
1341 2177 1494 2221 populis

211 2223 308 2265 ndis,
327 2224 429 2269 quod
446 2235 646 2259 commune
655 2224 864 2260 liberorum
878 2228 938 2260 est
949 2226 1190 2270 populorum,
1205 2236 1279 2259 non
1295 2223 1493 2269 proprium

165 2269 462 2325 foederatorum,
492 2283 536 2306 ex
567 2283 643 2317 quo
669 2272 847 2325 intellegi
873 2284 1027 2307 necesse
1053 2275 1113 2307 est
1140 2275 1207 2306 aut
1232 2271 1425 2306 neminem
1451 2283 1494 2305 ex

166 2319 280 2354 sociis
298 2319 421 2354 civem
439 2318 522 2353 fieri
538 2331 651 2364 posse
667 2324 736 2355 aut
753 2320 869 2354 etiam
887 2331 999 2366 posse
1018 2331 1061 2354 ex
1074 2318 1294 2355 foederatis
1309 2322 1393 2352 tum
1405 2330 1495 2354 vero

164 2365 226 2401 ius
252 2377 365 2401 omne
389 2370 566 2401 nostrum
592 2367 665 2402 iste
691 2367 877 2412 magister
902 2367 1112 2402 mutandae
1137 2365 1306 2401 civitatis
1332 2366 1495 2411 ignorat,

165 2413 270 2458 quod
287 2417 358 2455 est,
376 2413 536 2455 iudices,
562 2425 639 2450 nou
665 2414 788 2449 solum
813 2415 853 2448 in
870 2414 1022 2459 legibus
1040 2413 1205 2459 publicis
1223 2413 1405 2458 positum,
1425 2413 1493 2448 sed
