<?xml version="1.0" encoding="UTF-8"?>
<!DOCTYPE html PUBLIC "-//W3C//DTD XHTML 1.0 Transitional//EN"
    "http://www.w3.org/TR/xhtml1/DTD/xhtml1-transitional.dtd">
<html xmlns="http://www.w3.org/1999/xhtml" xml:lang="en" lang="en">
 <head>
  <title>
</title>
<meta http-equiv="Content-Type" content="text/html;charset=utf-8" />
  <meta name='ocr-system' content='tesseract 3.04.00' />
  <meta name='ocr-capabilities' content='ocr_page ocr_carea ocr_par ocr_line ocrx_word'/>
</head>
<body>
  <div class='ocr_page' id='page_1' title='image "./probalbo00ciceuoft/probalbo00ciceuoft_0038.png"; bbox 0 0 1674 2672; ppageno 0'>
   <div class='ocr_carea' id='block_1_1' title="bbox 262 212 1100 251">
    <p class='ocr_par' dir='ltr' id='par_1_1' title="bbox 262 212 1100 251">
     <span class='ocr_line' id='line_1_1' title="bbox 262 212 1100 251; baseline -0.004 -2"><span class='ocrx_word' id='word_1_1' title='bbox 262 212 312 251; x_wconf 83' lang='lat'>28</span> <span class='ocrx_word' id='word_1_2' title='bbox 699 222 836 249; x_wconf 67' lang='lat' dir='ltr'>menso</span> <span class='ocrx_word' id='word_1_3' title='bbox 867 221 938 248; x_wconf 82' lang='lat' dir='ltr'>PRO</span> <span class='ocrx_word' id='word_1_4' title='bbox 966 220 1100 247; x_wconf 83' lang='lat' dir='ltr'>BALBO.</span> 
     </span>
    </p>
   </div>
   <div class='ocr_carea' id='block_1_2' title="bbox 247 318 1594 2424">
    <p class='ocr_par' dir='ltr' id='par_1_2' title="bbox 255 318 1571 1345">
     <span class='ocr_line' id='line_1_2' title="bbox 260 318 1570 364; baseline 0.001 -10"><span class='ocrx_word' id='word_1_5' title='bbox 260 331 414 361; x_wconf 81' lang='lat' dir='ltr'>sumus3</span> <span class='ocrx_word' id='word_1_6' title='bbox 441 325 598 364; x_wconf 85' lang='lat' dir='ltr'>optenta</span> <span class='ocrx_word' id='word_1_7' title='bbox 614 331 690 354; x_wconf 89' lang='lat' dir='ltr'>non</span> <span class='ocrx_word' id='word_1_8' title='bbox 715 323 817 354; x_wconf 88' lang='lat' dir='ltr'>sunt.</span> <span class='ocrx_word' id='word_1_9' title='bbox 867 318 1045 352; x_wconf 90' lang='lat' dir='ltr'>Dolorem</span> <span class='ocrx_word' id='word_1_10' title='bbox 1061 318 1140 359; x_wconf 85' lang='lat' dir='ltr'>alii,</span> <span class='ocrx_word' id='word_1_11' title='bbox 1158 330 1228 353; x_wconf 89' lang='lat' dir='ltr'>nos</span> <span class='ocrx_word' id='word_1_12' title='bbox 1246 318 1397 353; x_wconf 88' lang='lat' dir='ltr'>luctum</span> <span class='ocrx_word' id='word_1_13' title='bbox 1426 331 1570 355; x_wconf 87' lang='lat' dir='ltr'>maero-</span> 
     </span>
     <span class='ocr_line' id='line_1_3' title="bbox 259 365 1568 412; baseline 0 -11"><span class='ocrx_word' id='word_1_14' title='bbox 259 378 412 412; x_wconf 80' lang='lat' dir='ltr'>remque</span> <span class='ocrx_word' id='word_1_15' title='bbox 438 366 687 411; x_wconf 81' lang='lat' dir='ltr'>suscepimus.</span> <span class='ocrx_word' id='word_1_16' title='bbox 738 365 818 400; x_wconf 90' lang='lat' dir='ltr'>Cur</span> <span class='ocrx_word' id='word_1_17' title='bbox 850 377 905 404; x_wconf 92' lang='lat' dir='ltr'>ea,</span> <span class='ocrx_word' id='word_1_18' title='bbox 935 376 1031 410; x_wconf 88' lang='lat' dir='ltr'>quae</span> <span class='ocrx_word' id='word_1_19' title='bbox 1060 371 1209 399; x_wconf 90' lang='lat' dir='ltr'>mutare</span> <span class='ocrx_word' id='word_1_20' title='bbox 1242 377 1319 399; x_wconf 92' lang='lat' dir='ltr'>non</span> <span class='ocrx_word' id='word_1_21' title='bbox 1350 378 1568 411; x_wconf 86' lang='lat' dir='ltr'>possumus,</span> 
     </span>
     <span class='ocr_line' id='line_1_4' title="bbox 260 411 1569 457; baseline 0.002 -10"><span class='ocrx_word' id='word_1_22' title='bbox 260 414 471 448; x_wconf 72' lang='lat' dir='ltr'>convellere</span> <span class='ocrx_word' id='word_1_23' title='bbox 500 414 690 447; x_wconf 89' lang='lat' dir='ltr'>malumus</span> <span class='ocrx_word' id='word_1_24' title='bbox 722 423 837 457; x_wconf 84' lang='lat' dir='ltr'>quam</span> <span class='ocrx_word' id='word_1_25' title='bbox 865 411 997 446; x_wconf 79' lang='lat' dir='ltr'>tueri?</span> <span class='ocrx_word' id='word_1_26' title='bbox 1048 411 1089 446; x_wconf 85' lang='lat' dir='ltr'>C.</span> <span class='ocrx_word' id='word_1_27' title='bbox 1117 411 1316 446; x_wconf 88' lang='lat' dir='ltr'>Caesarem</span> <span class='ocrx_word' id='word_1_28' title='bbox 1349 416 1504 448; x_wconf 88' lang='lat' dir='ltr'>senatus</span> <span class='ocrx_word' id='word_1_29' title='bbox 1531 418 1569 449; x_wconf 87' lang='lat' dir='ltr'>et</span> 
     </span>
     <span class='ocr_line' id='line_1_5' title="bbox 260 458 1570 505; baseline 0 -11"><span class='ocrx_word' id='word_1_30' title='bbox 260 471 396 505; x_wconf 81' lang='lat' dir='ltr'>genere</span> <span class='ocrx_word' id='word_1_31' title='bbox 422 460 746 504; x_wconf 70' lang='lat' dir='ltr'>supplicationum</span> <span class='ocrx_word' id='word_1_32' title='bbox 763 458 999 503; x_wconf 88' lang='lat' dir='ltr'>amplissimo</span> <span class='ocrx_word' id='word_1_33' title='bbox 1017 458 1168 492; x_wconf 69' lang='lat' dir='ltr'>ornavit</span> <span class='ocrx_word' id='word_1_34' title='bbox 1187 463 1224 493; x_wconf 88' lang='lat' dir='ltr'>et</span> <span class='ocrx_word' id='word_1_35' title='bbox 1242 471 1403 493; x_wconf 88' lang='lat' dir='ltr'>numero</span> <span class='ocrx_word' id='word_1_36' title='bbox 1421 460 1570 494; x_wconf 86' lang='lat' dir='ltr'>dierum</span> 
     </span>
     <span class='ocr_line' id='line_1_6' title="bbox 260 505 1570 551; baseline 0 -10"><span class='ocrx_word' id='word_1_37' title='bbox 260 518 366 541; x_wconf 84' lang='lat' dir='ltr'>novo.</span> <span class='ocrx_word' id='word_1_38' title='bbox 414 506 522 540; x_wconf 86' lang='lat' dir='ltr'>Idem</span> <span class='ocrx_word' id='word_1_39' title='bbox 537 507 575 539; x_wconf 89' lang='lat' dir='ltr'>in</span> <span class='ocrx_word' id='word_1_40' title='bbox 591 506 784 550; x_wconf 85' lang='lat' dir='ltr'>angustiis</span> <span class='ocrx_word' id='word_1_41' title='bbox 801 505 937 540; x_wconf 86' lang='lat' dir='ltr'>aerarii</span> <span class='ocrx_word' id='word_1_42' title='bbox 950 505 1136 539; x_wconf 77' lang='lat' dir='ltr'>victorem</span> <span class='ocrx_word' id='word_1_43' title='bbox 1150 506 1359 540; x_wconf 75' lang='lat' dir='ltr'>exercitum</span> <span class='ocrx_word' id='word_1_44' title='bbox 1378 507 1570 551; x_wconf 86' lang='lat' dir='ltr'>stipendio</span> 
     </span>
     <span class='ocr_line' id='line_1_7' title="bbox 260 551 1571 598; baseline 0.001 -11"><span class='ocrx_word' id='word_1_45' title='bbox 260 553 411 592; x_wconf 80' lang='lat' dir='ltr'>adfecit,</span> <span class='ocrx_word' id='word_1_46' title='bbox 439 553 660 597; x_wconf 89' lang='lat' dir='ltr'>imperatori</span> <span class='ocrx_word' id='word_1_47' title='bbox 694 552 821 586; x_wconf 88' lang='lat' dir='ltr'>decem</span> <span class='ocrx_word' id='word_1_48' title='bbox 847 552 995 594; x_wconf 80' lang='lat' dir='ltr'>legatos</span> <span class='ocrx_word' id='word_1_49' title='bbox 1022 551 1203 592; x_wconf 84' lang='lat' dir='ltr'>decrevit,</span> <span class='ocrx_word' id='word_1_50' title='bbox 1232 552 1317 597; x_wconf 84' lang='lat' dir='ltr'>lege</span> <span class='ocrx_word' id='word_1_51' title='bbox 1345 552 1571 598; x_wconf 86' lang='lat' dir='ltr'>Sempronia</span> 
     </span>
     <span class='ocr_line' id='line_1_8' title="bbox 260 599 1569 645; baseline 0 -11"><span class='ocrx_word' id='word_1_52' title='bbox 260 599 540 634; x_wconf 86' lang='lat' dir='ltr'>succedendum</span> <span class='ocrx_word' id='word_1_53' title='bbox 556 611 633 633; x_wconf 90' lang='lat' dir='ltr'>non</span> <span class='ocrx_word' id='word_1_54' title='bbox 650 599 811 633; x_wconf 89' lang='lat' dir='ltr'>censuit.</span> <span class='ocrx_word' id='word_1_55' title='bbox 860 599 1010 632; x_wconf 87' lang='lat' dir='ltr'>Harum</span> <span class='ocrx_word' id='word_1_56' title='bbox 1027 609 1098 642; x_wconf 85' lang='lat' dir='ltr'>ego</span> <span class='ocrx_word' id='word_1_57' title='bbox 1117 600 1394 633; x_wconf 87' lang='lat' dir='ltr'>sententiarum</span> <span class='ocrx_word' id='word_1_58' title='bbox 1411 604 1450 634; x_wconf 92' lang='lat' dir='ltr'>et</span> <span class='ocrx_word' id='word_1_59' title='bbox 1466 600 1569 645; x_wconf 85' lang='lat' dir='ltr'>prin-</span> 
     </span>
     <span class='ocr_line' id='line_1_9' title="bbox 261 645 1569 692; baseline 0 -11"><span class='ocrx_word' id='word_1_60' title='bbox 261 658 347 691; x_wconf 86' lang='lat' dir='ltr'>ceps</span> <span class='ocrx_word' id='word_1_61' title='bbox 365 654 403 680; x_wconf 87' lang='lat' dir='ltr'>et</span> <span class='ocrx_word' id='word_1_62' title='bbox 421 650 553 680; x_wconf 80' lang='lat' dir='ltr'>auctor</span> <span class='ocrx_word' id='word_1_63' title='bbox 569 645 628 680; x_wconf 85' lang='lat' dir='ltr'>fui</span> <span class='ocrx_word' id='word_1_64' title='bbox 645 657 767 690; x_wconf 87' lang='lat' dir='ltr'>neque</span> <span class='ocrx_word' id='word_1_65' title='bbox 783 657 844 679; x_wconf 87' lang='lat' dir='ltr'>me</span> <span class='ocrx_word' id='word_1_66' title='bbox 861 645 1091 679; x_wconf 79' lang='lat' dir='ltr'>dissensioni</span> <span class='ocrx_word' id='word_1_67' title='bbox 1107 657 1212 679; x_wconf 84' lang='lat' dir='ltr'>meae</span> <span class='ocrx_word' id='word_1_68' title='bbox 1229 646 1417 690; x_wconf 74' lang='lat' dir='ltr'>pristinae</span> <span class='ocrx_word' id='word_1_69' title='bbox 1432 647 1569 692; x_wconf 84' lang='lat' dir='ltr'>putavi</span> 
     </span>
     <span class='ocr_line' id='line_1_10' title="bbox 259 691 1568 739; baseline 0.001 -12"><span class='ocrx_word' id='word_1_70' title='bbox 259 694 387 738; x_wconf 88' lang='lat' dir='ltr'>potius</span> <span class='ocrx_word' id='word_1_71' title='bbox 406 692 595 727; x_wconf 75' lang='lat' dir='ltr'>adsentiri</span> <span class='ocrx_word' id='word_1_72' title='bbox 622 704 736 737; x_wconf 83' lang='lat' dir='ltr'>quam</span> <span class='ocrx_word' id='word_1_73' title='bbox 761 691 1027 737; x_wconf 88' lang='lat' dir='ltr'>praesentibus</span> <span class='ocrx_word' id='word_1_74' title='bbox 1045 691 1101 725; x_wconf 90' lang='lat' dir='ltr'>rei</span> <span class='ocrx_word' id='word_1_75' title='bbox 1126 691 1301 736; x_wconf 87' lang='lat' dir='ltr'>publicae</span> <span class='ocrx_word' id='word_1_76' title='bbox 1330 694 1568 739; x_wconf 84' lang='lat' dir='ltr'>temporibus</span> 
     </span>
     <span class='ocr_line' id='line_1_11' title="bbox 260 738 1568 775; baseline 0.002 -2"><span class='ocrx_word' id='word_1_77' title='bbox 260 744 297 774; x_wconf 88' lang='lat' dir='ltr'>et</span> <span class='ocrx_word' id='word_1_78' title='bbox 337 739 558 774; x_wconf 80' lang='lat' dir='ltr'>concordiae</span> <span class='ocrx_word' id='word_1_79' title='bbox 597 739 809 773; x_wconf 80' lang='lat' dir='ltr'>convenire.</span> <span class='ocrx_word' id='word_1_80' title='bbox 859 738 947 773; x_wconf 85' lang='lat' dir='ltr'>Non</span> <span class='ocrx_word' id='word_1_81' title='bbox 980 738 1082 772; x_wconf 90' lang='lat' dir='ltr'>idem</span> <span class='ocrx_word' id='word_1_82' title='bbox 1115 738 1200 773; x_wconf 89' lang='lat' dir='ltr'>aliis</span> <span class='ocrx_word' id='word_1_83' title='bbox 1234 739 1398 774; x_wconf 86' lang='lat' dir='ltr'>videtur.</span> <span class='ocrx_word' id='word_1_84' title='bbox 1465 740 1568 775; x_wconf 88' lang='lat' dir='ltr'>Sunt</span> 
     </span>
     <span class='ocr_line' id='line_1_12' title="bbox 258 785 1569 830; baseline 0.002 -10"><span class='ocrx_word' id='word_1_85' title='bbox 258 786 420 821; x_wconf 78' lang='lat' dir='ltr'>fortasse</span> <span class='ocrx_word' id='word_1_86' title='bbox 454 786 493 819; x_wconf 85' lang='lat' dir='ltr'>in</span> <span class='ocrx_word' id='word_1_87' title='bbox 527 786 718 820; x_wconf 88' lang='lat' dir='ltr'>sententia</span> <span class='ocrx_word' id='word_1_88' title='bbox 759 785 954 819; x_wconf 85' lang='lat' dir='ltr'>firmiores.</span> <span class='ocrx_word' id='word_1_89' title='bbox 1016 785 1217 830; x_wconf 78' lang='lat' dir='ltr'>Reprendo</span> <span class='ocrx_word' id='word_1_90' title='bbox 1256 786 1459 828; x_wconf 87' lang='lat' dir='ltr'>neminem,</span> <span class='ocrx_word' id='word_1_91' title='bbox 1500 787 1569 822; x_wconf 88' lang='lat' dir='ltr'>sed</span> 
     </span>
     <span class='ocr_line' id='line_1_13' title="bbox 258 832 1568 878; baseline 0.001 -11"><span class='ocrx_word' id='word_1_92' title='bbox 258 833 453 867; x_wconf 85' lang='lat' dir='ltr'>adsentior</span> <span class='ocrx_word' id='word_1_93' title='bbox 480 844 554 866; x_wconf 88' lang='lat' dir='ltr'>non</span> <span class='ocrx_word' id='word_1_94' title='bbox 585 832 761 866; x_wconf 87' lang='lat' dir='ltr'>omnibus</span> <span class='ocrx_word' id='word_1_95' title='bbox 779 843 902 877; x_wconf 88' lang='lat' dir='ltr'>neque</span> <span class='ocrx_word' id='word_1_96' title='bbox 919 843 1002 866; x_wconf 90' lang='lat' dir='ltr'>esse</span> <span class='ocrx_word' id='word_1_97' title='bbox 1030 832 1285 867; x_wconf 87' lang='lat' dir='ltr'>inconstantis</span> <span class='ocrx_word' id='word_1_98' title='bbox 1302 838 1398 878; x_wconf 88' lang='lat' dir='ltr'>puto</span> <span class='ocrx_word' id='word_1_99' title='bbox 1416 837 1568 868; x_wconf 90' lang='lat' dir='ltr'>senten-</span> 
     </span>
     <span class='ocr_line' id='line_1_14' title="bbox 258 878 1569 925; baseline 0.001 -11"><span class='ocrx_word' id='word_1_100' title='bbox 258 880 352 915; x_wconf 89' lang='lat' dir='ltr'>tiam</span> <span class='ocrx_word' id='word_1_101' title='bbox 367 885 562 924; x_wconf 85' lang='lat' dir='ltr'>tamquam</span> <span class='ocrx_word' id='word_1_102' title='bbox 575 878 728 924; x_wconf 86' lang='lat' dir='ltr'>aliquod</span> <span class='ocrx_word' id='word_1_103' title='bbox 744 879 943 924; x_wconf 81' lang='lat' dir='ltr'>navigium</span> <span class='ocrx_word' id='word_1_104' title='bbox 959 882 1075 924; x_wconf 89' lang='lat' dir='ltr'>atque</span> <span class='ocrx_word' id='word_1_105' title='bbox 1088 890 1243 913; x_wconf 87' lang='lat' dir='ltr'>cursum</span> <span class='ocrx_word' id='word_1_106' title='bbox 1260 891 1306 913; x_wconf 79' lang='lat' dir='ltr'>ex</span> <span class='ocrx_word' id='word_1_107' title='bbox 1321 881 1376 915; x_wconf 89' lang='lat' dir='ltr'>rei</span> <span class='ocrx_word' id='word_1_108' title='bbox 1392 881 1569 925; x_wconf 90' lang='lat' dir='ltr'>publicae</span> 
     </span>
     <span class='ocr_line' id='line_1_15' title="bbox 257 925 1568 972; baseline 0.001 -11"><span class='ocrx_word' id='word_1_109' title='bbox 257 931 486 972; x_wconf 86' lang='lat' dir='ltr'>tempestate</span> <span class='ocrx_word' id='word_1_110' title='bbox 502 926 701 960; x_wconf 89' lang='lat' dir='ltr'>moderari.</span> <span class='ocrx_word' id='word_1_111' title='bbox 752 926 806 959; x_wconf 76' lang='lat'>622.</span> <span class='ocrx_word' id='word_1_112' title='bbox 835 925 912 960; x_wconf 83' lang='lat' dir='ltr'>Sed</span> <span class='ocrx_word' id='word_1_113' title='bbox 939 926 970 960; x_wconf 90' lang='lat' dir='ltr'>si</span> <span class='ocrx_word' id='word_1_114' title='bbox 987 926 1054 971; x_wconf 90' lang='lat' dir='ltr'>qui</span> <span class='ocrx_word' id='word_1_115' title='bbox 1080 931 1182 966; x_wconf 87' lang='lat' dir='ltr'>sunt,</span> <span class='ocrx_word' id='word_1_116' title='bbox 1201 926 1341 971; x_wconf 89' lang='lat' dir='ltr'>quibus</span> <span class='ocrx_word' id='word_1_117' title='bbox 1369 927 1568 962; x_wconf 87' lang='lat' dir='ltr'>infinitum</span> 
     </span>
     <span class='ocr_line' id='line_1_16' title="bbox 260 973 1567 1018; baseline 0.001 -10"><span class='ocrx_word' id='word_1_118' title='bbox 260 974 311 1008; x_wconf 85' lang='lat' dir='ltr'>sit</span> <span class='ocrx_word' id='word_1_119' title='bbox 337 973 477 1013; x_wconf 88' lang='lat' dir='ltr'>odium,</span> <span class='ocrx_word' id='word_1_120' title='bbox 496 973 536 1006; x_wconf 93' lang='lat' dir='ltr'>in</span> <span class='ocrx_word' id='word_1_121' title='bbox 561 984 655 1018; x_wconf 88' lang='lat' dir='ltr'>quos</span> <span class='ocrx_word' id='word_1_122' title='bbox 681 973 797 1007; x_wconf 89' lang='lat' dir='ltr'>semel</span> <span class='ocrx_word' id='word_1_123' title='bbox 817 976 1042 1018; x_wconf 87' lang='lat' dir='ltr'>susceptum</span> <span class='ocrx_word' id='word_1_124' title='bbox 1060 973 1121 1013; x_wconf 91' lang='lat' dir='ltr'>sit,</span> <span class='ocrx_word' id='word_1_125' title='bbox 1140 984 1233 1018; x_wconf 87' lang='lat' dir='ltr'>quos</span> <span class='ocrx_word' id='word_1_126' title='bbox 1251 973 1362 1008; x_wconf 81' lang='lat' dir='ltr'>video</span> <span class='ocrx_word' id='word_1_127' title='bbox 1389 986 1473 1008; x_wconf 87' lang='lat' dir='ltr'>esse</span> <span class='ocrx_word' id='word_1_128' title='bbox 1490 986 1567 1009; x_wconf 90' lang='lat' dir='ltr'>non</span> 
     </span>
     <span class='ocr_line' id='line_1_17' title="bbox 258 1019 1568 1066; baseline 0 -11"><span class='ocrx_word' id='word_1_129' title='bbox 258 1020 395 1060; x_wconf 90' lang='lat' dir='ltr'>nullos,</span> <span class='ocrx_word' id='word_1_130' title='bbox 409 1031 496 1054; x_wconf 91' lang='lat' dir='ltr'>cum</span> <span class='ocrx_word' id='word_1_131' title='bbox 509 1019 671 1054; x_wconf 88' lang='lat' dir='ltr'>ducibus</span> <span class='ocrx_word' id='word_1_132' title='bbox 682 1019 789 1063; x_wconf 87' lang='lat' dir='ltr'>ipsis,</span> <span class='ocrx_word' id='word_1_133' title='bbox 800 1031 875 1053; x_wconf 89' lang='lat' dir='ltr'>non</span> <span class='ocrx_word' id='word_1_134' title='bbox 890 1031 977 1054; x_wconf 91' lang='lat' dir='ltr'>cum</span> <span class='ocrx_word' id='word_1_135' title='bbox 990 1020 1175 1054; x_wconf 83' lang='lat' dir='ltr'>comitatu</span> <span class='ocrx_word' id='word_1_136' title='bbox 1186 1020 1568 1066; x_wconf 72' lang='lat' dir='ltr'>adsectatoribusque</span> 
     </span>
     <span class='ocr_line' id='line_1_18' title="bbox 257 1066 1568 1111; baseline 0 -9"><span class='ocrx_word' id='word_1_137' title='bbox 257 1067 475 1111; x_wconf 85' lang='lat' dir='ltr'>confligant.</span> <span class='ocrx_word' id='word_1_138' title='bbox 524 1066 635 1100; x_wconf 85' lang='lat' dir='ltr'>Illam</span> <span class='ocrx_word' id='word_1_139' title='bbox 653 1066 755 1100; x_wconf 89' lang='lat' dir='ltr'>enim</span> <span class='ocrx_word' id='word_1_140' title='bbox 771 1066 937 1100; x_wconf 79' lang='lat' dir='ltr'>fortasse</span> <span class='ocrx_word' id='word_1_141' title='bbox 954 1067 1204 1111; x_wconf 81' lang='lat' dir='ltr'>pertinaciam</span> <span class='ocrx_word' id='word_1_142' title='bbox 1220 1078 1296 1102; x_wconf 90' lang='grc'>11011</span> <span class='ocrx_word' id='word_1_143' title='bbox 1321 1068 1428 1108; x_wconf 83' lang='grc'>1111111,</span> <span class='ocrx_word' id='word_1_144' title='bbox 1447 1068 1568 1103; x_wconf 85' lang='lat' dir='ltr'>virtu-</span> 
     </span>
     <span class='ocr_line' id='line_1_19' title="bbox 255 1112 1567 1160; baseline 0 -11"><span class='ocrx_word' id='word_1_145' title='bbox 255 1118 334 1149; x_wconf 87' lang='lat' dir='ltr'>tem</span> <span class='ocrx_word' id='word_1_146' title='bbox 351 1113 415 1147; x_wconf 88' lang='lat' dir='ltr'>alii</span> <span class='ocrx_word' id='word_1_147' title='bbox 441 1112 644 1157; x_wconf 87' lang='lat' dir='ltr'>putabunt,</span> <span class='ocrx_word' id='word_1_148' title='bbox 662 1113 759 1147; x_wconf 88' lang='lat' dir='ltr'>hanc</span> <span class='ocrx_word' id='word_1_149' title='bbox 788 1124 878 1147; x_wconf 74' lang='lat' dir='ltr'>Vero</span> <span class='ocrx_word' id='word_1_150' title='bbox 903 1113 1147 1158; x_wconf 87' lang='lat' dir='ltr'>iniquitatem</span> <span class='ocrx_word' id='word_1_151' title='bbox 1163 1125 1294 1148; x_wconf 87' lang='lat' dir='ltr'>omnes</span> <span class='ocrx_word' id='word_1_152' title='bbox 1324 1126 1412 1148; x_wconf 86' lang='lat' dir='ltr'>cum</span> <span class='ocrx_word' id='word_1_153' title='bbox 1437 1115 1567 1160; x_wconf 89' lang='lat' dir='ltr'>aliqua</span> 
     </span>
     <span class='ocr_line' id='line_1_20' title="bbox 256 1159 1566 1196; baseline 0 0"><span class='ocrx_word' id='word_1_154' title='bbox 256 1160 482 1196; x_wconf 87' lang='lat' dir='ltr'>crudelitate</span> <span class='ocrx_word' id='word_1_155' title='bbox 508 1160 761 1194; x_wconf 86' lang='lat' dir='ltr'>coniunctam.</span> <span class='ocrx_word' id='word_1_156' title='bbox 813 1159 890 1194; x_wconf 85' lang='lat' dir='ltr'>Sed</span> <span class='ocrx_word' id='word_1_157' title='bbox 920 1161 951 1194; x_wconf 92' lang='lat' dir='ltr'>si</span> <span class='ocrx_word' id='word_1_158' title='bbox 976 1165 1168 1195; x_wconf 90' lang='lat' dir='ltr'>certorum</span> <span class='ocrx_word' id='word_1_159' title='bbox 1192 1160 1390 1195; x_wconf 86' lang='lat' dir='ltr'>hominum</span> <span class='ocrx_word' id='word_1_160' title='bbox 1415 1167 1566 1196; x_wconf 87' lang='lat' dir='ltr'>mentes</span> 
     </span>
     <span class='ocr_line' id='line_1_21' title="bbox 256 1206 1565 1254; baseline 0.001 -13"><span class='ocrx_word' id='word_1_161' title='bbox 256 1207 362 1242; x_wconf 89' lang='lat' dir='ltr'>nulla</span> <span class='ocrx_word' id='word_1_162' title='bbox 399 1206 558 1245; x_wconf 85' lang='lat' dir='ltr'>ratione,</span> <span class='ocrx_word' id='word_1_163' title='bbox 594 1206 749 1247; x_wconf 87' lang='lat' dir='ltr'>iudices,</span> <span class='ocrx_word' id='word_1_164' title='bbox 783 1206 934 1251; x_wconf 86' lang='lat' dir='ltr'>placare</span> <span class='ocrx_word' id='word_1_165' title='bbox 976 1219 1194 1252; x_wconf 88' lang='lat' dir='ltr'>possumus,</span> <span class='ocrx_word' id='word_1_166' title='bbox 1226 1212 1375 1242; x_wconf 84' lang='lat' dir='ltr'>vestros</span> <span class='ocrx_word' id='word_1_167' title='bbox 1409 1208 1565 1254; x_wconf 88' lang='lat' dir='ltr'>quidem</span> 
     </span>
     <span class='ocr_line' id='line_1_22' title="bbox 256 1253 1567 1295; baseline 0.001 -6"><span class='ocrx_word' id='word_1_168' title='bbox 256 1254 402 1289; x_wconf 90' lang='lat' dir='ltr'>animos</span> <span class='ocrx_word' id='word_1_169' title='bbox 420 1257 523 1288; x_wconf 91' lang='lat' dir='ltr'>certe</span> <span class='ocrx_word' id='word_1_170' title='bbox 549 1253 773 1288; x_wconf 88' lang='lat' dir='ltr'>confidimus</span> <span class='ocrx_word' id='word_1_171' title='bbox 791 1265 866 1288; x_wconf 88' lang='lat' dir='ltr'>non</span> <span class='ocrx_word' id='word_1_172' title='bbox 884 1254 1054 1288; x_wconf 85' lang='lat' dir='ltr'>oratione</span> <span class='ocrx_word' id='word_1_173' title='bbox 1075 1258 1219 1295; x_wconf 88' lang='lat' dir='ltr'>nostra,</span> <span class='ocrx_word' id='word_1_174' title='bbox 1236 1254 1303 1289; x_wconf 88' lang='lat' dir='ltr'>sed</span> <span class='ocrx_word' id='word_1_175' title='bbox 1327 1255 1567 1290; x_wconf 84' lang='lat' dir='ltr'>humanitate</span> 
     </span>
     <span class='ocr_line' id='line_1_23' title="bbox 257 1300 682 1345; baseline -0.005 -9"><span class='ocrx_word' id='word_1_176' title='bbox 257 1305 386 1336; x_wconf 76' lang='lat' dir='ltr'>vestra</span> <span class='ocrx_word' id='word_1_177' title='bbox 403 1311 486 1334; x_wconf 87' lang='lat' dir='ltr'>esse</span> <span class='ocrx_word' id='word_1_178' title='bbox 502 1300 682 1345; x_wconf 86' lang='lat' dir='ltr'>placatos.</span> 
     </span>
    </p>

    <p class='ocr_par' dir='ltr' id='par_1_3' title="bbox 247 1346 1594 2424">
     <span class='ocr_line' id='line_1_24' title="bbox 300 1346 1565 1392; baseline 0.002 -11"><span class='ocrx_word' id='word_1_179' title='bbox 300 1346 492 1382; x_wconf 79' lang='lat' dir='ltr'>XXVIII.</span> <span class='ocrx_word' id='word_1_180' title='bbox 518 1347 572 1381; x_wconf 86' lang='lat'>63.</span> <span class='ocrx_word' id='word_1_181' title='bbox 600 1346 700 1390; x_wconf 89' lang='lat' dir='ltr'>Quid</span> <span class='ocrx_word' id='word_1_182' title='bbox 730 1347 830 1381; x_wconf 88' lang='lat' dir='ltr'>enim</span> <span class='ocrx_word' id='word_1_183' title='bbox 859 1352 928 1388; x_wconf 86' lang='lat' dir='ltr'>est,</span> <span class='ocrx_word' id='word_1_184' title='bbox 947 1358 1016 1382; x_wconf 91' lang='lat' dir='ltr'>cur</span> <span class='ocrx_word' id='word_1_185' title='bbox 1042 1358 1118 1381; x_wconf 89' lang='lat' dir='ltr'>non</span> <span class='ocrx_word' id='word_1_186' title='bbox 1145 1347 1275 1392; x_wconf 90' lang='lat' dir='ltr'>potius</span> <span class='ocrx_word' id='word_1_187' title='bbox 1299 1348 1349 1382; x_wconf 91' lang='lat' dir='ltr'>ad</span> <span class='ocrx_word' id='word_1_188' title='bbox 1378 1359 1565 1383; x_wconf 88' lang='lat' dir='ltr'>summam</span> 
     </span>
     <span class='ocr_line' id='line_1_25' title="bbox 255 1393 1565 1439; baseline 0.001 -10"><span class='ocrx_word' id='word_1_189' title='bbox 255 1394 405 1429; x_wconf 88' lang='lat' dir='ltr'>laudem</span> <span class='ocrx_word' id='word_1_190' title='bbox 421 1394 511 1428; x_wconf 88' lang='lat' dir='ltr'>huic</span> <span class='ocrx_word' id='word_1_191' title='bbox 536 1405 649 1439; x_wconf 91' lang='lat' dir='ltr'>quam</span> <span class='ocrx_word' id='word_1_192' title='bbox 666 1393 714 1428; x_wconf 89' lang='lat' dir='ltr'>ad</span> <span class='ocrx_word' id='word_1_193' title='bbox 730 1394 927 1428; x_wconf 85' lang='lat' dir='ltr'>minimam</span> <span class='ocrx_word' id='word_1_194' title='bbox 941 1394 1113 1428; x_wconf 81' lang='lat' dir='ltr'>fraudem</span> <span class='ocrx_word' id='word_1_195' title='bbox 1132 1394 1306 1429; x_wconf 85' lang='lat' dir='ltr'>Caesaris</span> <span class='ocrx_word' id='word_1_196' title='bbox 1323 1394 1565 1430; x_wconf 79' lang='lat' dir='ltr'>familiaritas</span> 
     </span>
     <span class='ocr_line' id='line_1_26' title="bbox 254 1440 1566 1487; baseline 0.002 -12"><span class='ocrx_word' id='word_1_197' title='bbox 254 1441 381 1476; x_wconf 85' lang='lat' dir='ltr'>valere</span> <span class='ocrx_word' id='word_1_198' title='bbox 414 1440 574 1475; x_wconf 77' lang='lat' dir='ltr'>debeat?</span> <span class='ocrx_word' id='word_1_199' title='bbox 625 1440 813 1485; x_wconf 75' lang='lat' dir='ltr'>Cognovit</span> <span class='ocrx_word' id='word_1_200' title='bbox 846 1441 1092 1480; x_wconf 84' lang='lat' dir='ltr'>adulescens;</span> <span class='ocrx_word' id='word_1_201' title='bbox 1127 1441 1270 1486; x_wconf 85' lang='lat' dir='ltr'>placuit</span> <span class='ocrx_word' id='word_1_202' title='bbox 1297 1441 1443 1476; x_wconf 81' lang='lat' dir='ltr'>homini</span> <span class='ocrx_word' id='word_1_203' title='bbox 1475 1453 1566 1487; x_wconf 89' lang='lat' dir='ltr'>pru-</span> 
     </span>
     <span class='ocr_line' id='line_1_27' title="bbox 254 1487 1564 1533; baseline 0.001 -10"><span class='ocrx_word' id='word_1_204' title='bbox 254 1488 501 1528; x_wconf 81' lang='lat' dir='ltr'>dentissimo3</span> <span class='ocrx_word' id='word_1_205' title='bbox 528 1487 569 1521; x_wconf 90' lang='lat' dir='ltr'>in</span> <span class='ocrx_word' id='word_1_206' title='bbox 597 1499 745 1522; x_wconf 89' lang='lat' dir='ltr'>summa</span> <span class='ocrx_word' id='word_1_207' title='bbox 770 1488 978 1522; x_wconf 88' lang='lat' dir='ltr'>amicorum</span> <span class='ocrx_word' id='word_1_208' title='bbox 1006 1488 1113 1533; x_wconf 89' lang='lat' dir='ltr'>copia</span> <span class='ocrx_word' id='word_1_209' title='bbox 1137 1499 1225 1522; x_wconf 90' lang='lat' dir='ltr'>cum</span> <span class='ocrx_word' id='word_1_210' title='bbox 1251 1487 1564 1524; x_wconf 84' lang='lat' dir='ltr'>familiarissimis</span> 
     </span>
     <span class='ocr_line' id='line_1_28' title="bbox 254 1534 1565 1580; baseline 0.001 -11"><span class='ocrx_word' id='word_1_211' title='bbox 254 1536 336 1569; x_wconf 90' lang='lat' dir='ltr'>eius</span> <span class='ocrx_word' id='word_1_212' title='bbox 366 1539 424 1568; x_wconf 91' lang='lat' dir='ltr'>est</span> <span class='ocrx_word' id='word_1_213' title='bbox 448 1534 693 1579; x_wconf 84' lang='lat' dir='ltr'>adaequatus.</span> <span class='ocrx_word' id='word_1_214' title='bbox 742 1534 789 1568; x_wconf 87' lang='lat' dir='ltr'>In</span> <span class='ocrx_word' id='word_1_215' title='bbox 816 1539 1006 1579; x_wconf 88' lang='lat' dir='ltr'>praetura,</span> <span class='ocrx_word' id='word_1_216' title='bbox 1023 1535 1063 1568; x_wconf 92' lang='lat' dir='ltr'>in</span> <span class='ocrx_word' id='word_1_217' title='bbox 1092 1535 1295 1570; x_wconf 87' lang='lat' dir='ltr'>consulatu</span> <span class='ocrx_word' id='word_1_218' title='bbox 1324 1535 1565 1580; x_wconf 83' lang='lat' dir='ltr'>praefectum</span> 
     </span>
     <span class='ocr_line' id='line_1_29' title="bbox 254 1581 1564 1626; baseline 0.001 -10"><span class='ocrx_word' id='word_1_219' title='bbox 254 1581 404 1616; x_wconf 84' lang='lat' dir='ltr'>fabrum</span> <span class='ocrx_word' id='word_1_220' title='bbox 434 1581 594 1621; x_wconf 82' lang='lat' dir='ltr'>detulit3</span> <span class='ocrx_word' id='word_1_221' title='bbox 620 1581 821 1615; x_wconf 82' lang='lat' dir='ltr'>consilium</span> <span class='ocrx_word' id='word_1_222' title='bbox 849 1582 1015 1616; x_wconf 87' lang='lat' dir='ltr'>hominis</span> <span class='ocrx_word' id='word_1_223' title='bbox 1043 1582 1230 1626; x_wconf 82' lang='lat' dir='ltr'>probavit,</span> <span class='ocrx_word' id='word_1_224' title='bbox 1248 1582 1362 1617; x_wconf 89' lang='lat' dir='ltr'>fidem</span> <span class='ocrx_word' id='word_1_225' title='bbox 1390 1587 1451 1617; x_wconf 86' lang='lat' dir='ltr'>est</span> <span class='ocrx_word' id='word_1_226' title='bbox 1477 1594 1564 1617; x_wconf 91' lang='lat' dir='ltr'>con-</span> 
     </span>
     <span class='ocr_line' id='line_1_30' title="bbox 253 1628 1565 1674; baseline 0.002 -12"><span class='ocrx_word' id='word_1_227' title='bbox 253 1629 399 1673; x_wconf 78' lang='lat' dir='ltr'>plexus,</span> <span class='ocrx_word' id='word_1_228' title='bbox 417 1628 538 1662; x_wconf 84' lang='lat' dir='ltr'>officia</span> <span class='ocrx_word' id='word_1_229' title='bbox 567 1628 924 1674; x_wconf 70' lang='lat' dir='ltr'>observantiamque</span> <span class='ocrx_word' id='word_1_230' title='bbox 948 1629 1094 1663; x_wconf 82' lang='lat' dir='ltr'>dilexit.</span> <span class='ocrx_word' id='word_1_231' title='bbox 1143 1628 1237 1664; x_wconf 85' lang='lat' dir='ltr'>Fuit</span> <span class='ocrx_word' id='word_1_232' title='bbox 1261 1629 1324 1663; x_wconf 92' lang='lat' dir='ltr'>hic</span> <span class='ocrx_word' id='word_1_233' title='bbox 1351 1630 1565 1664; x_wconf 84' lang='lat' dir='ltr'>multorum</span> 
     </span>
     <span class='ocr_line' id='line_1_31' title="bbox 253 1675 1564 1720; baseline 0.002 -12"><span class='ocrx_word' id='word_1_234' title='bbox 253 1676 310 1709; x_wconf 90' lang='lat' dir='ltr'>illi</span> <span class='ocrx_word' id='word_1_235' title='bbox 326 1675 498 1709; x_wconf 89' lang='lat' dir='ltr'>laborum</span> <span class='ocrx_word' id='word_1_236' title='bbox 516 1675 642 1709; x_wconf 88' lang='lat' dir='ltr'>socius</span> <span class='ocrx_word' id='word_1_237' title='bbox 661 1675 881 1720; x_wconf 78' lang='lat' dir='ltr'>aliquand03</span> <span class='ocrx_word' id='word_1_238' title='bbox 909 1681 967 1710; x_wconf 91' lang='lat' dir='ltr'>est</span> <span class='ocrx_word' id='word_1_239' title='bbox 983 1675 1147 1710; x_wconf 82' lang='lat' dir='ltr'>fortasse</span> <span class='ocrx_word' id='word_1_240' title='bbox 1163 1687 1265 1710; x_wconf 88' lang='lat' dir='ltr'>nunc</span> <span class='ocrx_word' id='word_1_241' title='bbox 1281 1687 1357 1710; x_wconf 91' lang='lat' dir='ltr'>non</span> <span class='ocrx_word' id='word_1_242' title='bbox 1370 1676 1564 1711; x_wconf 87' lang='lat' dir='ltr'>nullorum</span> 
     </span>
     <span class='ocr_line' id='line_1_32' title="bbox 253 1721 1564 1768; baseline 0.002 -12"><span class='ocrx_word' id='word_1_243' title='bbox 253 1722 444 1767; x_wconf 86' lang='lat' dir='ltr'>particeps</span> <span class='ocrx_word' id='word_1_244' title='bbox 459 1722 752 1756; x_wconf 85' lang='lat' dir='ltr'>commodorum.</span> <span class='ocrx_word' id='word_1_245' title='bbox 804 1721 906 1766; x_wconf 88' lang='lat' dir='ltr'>Quae</span> <span class='ocrx_word' id='word_1_246' title='bbox 924 1723 1078 1768; x_wconf 89' lang='lat' dir='ltr'>quidem</span> <span class='ocrx_word' id='word_1_247' title='bbox 1096 1722 1127 1756; x_wconf 91' lang='lat' dir='ltr'>si</span> <span class='ocrx_word' id='word_1_248' title='bbox 1141 1722 1231 1757; x_wconf 91' lang='grc'>111110</span> <span class='ocrx_word' id='word_1_249' title='bbox 1248 1722 1443 1758; x_wconf 78' lang='lat' dir='ltr'>obfuerint</span> <span class='ocrx_word' id='word_1_250' title='bbox 1461 1723 1564 1768; x_wconf 88' lang='lat' dir='ltr'>apud</span> 
     </span>
     <span class='ocr_line' id='line_1_33' title="bbox 254 1769 1562 1814; baseline 0.001 -11"><span class='ocrx_word' id='word_1_251' title='bbox 254 1780 332 1809; x_wconf 83' lang='lat' dir='ltr'>VOS,</span> <span class='ocrx_word' id='word_1_252' title='bbox 350 1780 426 1803; x_wconf 91' lang='lat' dir='ltr'>non</span> <span class='ocrx_word' id='word_1_253' title='bbox 454 1769 647 1812; x_wconf 84' lang='lat' dir='ltr'>intellego,</span> <span class='ocrx_word' id='word_1_254' title='bbox 665 1769 767 1814; x_wconf 87' lang='lat' dir='ltr'>quod</span> <span class='ocrx_word' id='word_1_255' title='bbox 793 1769 936 1803; x_wconf 87' lang='lat' dir='ltr'>bonum</span> <span class='ocrx_word' id='word_1_256' title='bbox 953 1769 1132 1814; x_wconf 87' lang='lat' dir='ltr'>cuiquam</span> <span class='ocrx_word' id='word_1_257' title='bbox 1161 1770 1212 1804; x_wconf 90' lang='lat' dir='ltr'>sit</span> <span class='ocrx_word' id='word_1_258' title='bbox 1229 1770 1331 1814; x_wconf 85' lang='lat' dir='ltr'>apud</span> <span class='ocrx_word' id='word_1_259' title='bbox 1355 1770 1442 1804; x_wconf 89' lang='lat' dir='ltr'>talis</span> <span class='ocrx_word' id='word_1_260' title='bbox 1459 1771 1562 1805; x_wconf 87' lang='lat' dir='ltr'>viros</span> 
     </span>
     <span class='ocr_line' id='line_1_34' title="bbox 251 1815 1562 1861; baseline 0.002 -12"><span class='ocrx_word' id='word_1_261' title='bbox 251 1816 506 1861; x_wconf 87' lang='lat' dir='ltr'>profuturum.</span> <span class='ocrx_word' id='word_1_262' title='bbox 555 1816 611 1849; x_wconf 62' lang='lat'>64.</span> <span class='ocrx_word' id='word_1_263' title='bbox 639 1815 726 1855; x_wconf 82' lang='lat' dir='ltr'>Sed,</span> <span class='ocrx_word' id='word_1_264' title='bbox 751 1817 928 1861; x_wconf 86' lang='lat' dir='ltr'>quoniam</span> <span class='ocrx_word' id='word_1_265' title='bbox 954 1815 995 1850; x_wconf 88' lang='lat' dir='ltr'>C.</span> <span class='ocrx_word' id='word_1_266' title='bbox 1030 1815 1169 1851; x_wconf 84' lang='lat' dir='ltr'>Caesar</span> <span class='ocrx_word' id='word_1_267' title='bbox 1197 1816 1308 1851; x_wconf 85' lang='lat' dir='ltr'>abest·</span> <span class='ocrx_word' id='word_1_268' title='bbox 1336 1816 1562 1861; x_wconf 87' lang='lat' dir='ltr'>longissime</span> 
     </span>
     <span class='ocr_line' id='line_1_35' title="bbox 252 1862 1560 1908; baseline 0.001 -11"><span class='ocrx_word' id='word_1_269' title='bbox 252 1866 367 1908; x_wconf 88' lang='lat' dir='ltr'>atque</span> <span class='ocrx_word' id='word_1_270' title='bbox 399 1863 438 1896; x_wconf 88' lang='lat' dir='ltr'>in</span> <span class='ocrx_word' id='word_1_271' title='bbox 471 1862 519 1896; x_wconf 91' lang='lat' dir='ltr'>iis</span> <span class='ocrx_word' id='word_1_272' title='bbox 548 1866 606 1896; x_wconf 88' lang='lat' dir='ltr'>est</span> <span class='ocrx_word' id='word_1_273' title='bbox 640 1874 742 1897; x_wconf 86' lang='lat' dir='ltr'>nunc</span> <span class='ocrx_word' id='word_1_274' title='bbox 772 1863 874 1903; x_wconf 90' lang='lat' dir='ltr'>locis,</span> <span class='ocrx_word' id='word_1_275' title='bbox 897 1875 992 1908; x_wconf 90' lang='lat' dir='ltr'>quae</span> <span class='ocrx_word' id='word_1_276' title='bbox 1019 1864 1174 1908; x_wconf 88' lang='lat' dir='ltr'>regione</span> <span class='ocrx_word' id='word_1_277' title='bbox 1200 1863 1330 1898; x_wconf 89' lang='lat' dir='ltr'>orbem</span> <span class='ocrx_word' id='word_1_278' title='bbox 1357 1868 1560 1906; x_wconf 88' lang='lat' dir='ltr'>terrarum,</span> 
     </span>
     <span class='ocr_line' id='line_1_36' title="bbox 252 1909 1560 1955; baseline 0.002 -13"><span class='ocrx_word' id='word_1_279' title='bbox 252 1909 365 1943; x_wconf 90' lang='lat' dir='ltr'>rebus</span> <span class='ocrx_word' id='word_1_280' title='bbox 383 1909 485 1943; x_wconf 90' lang='lat' dir='ltr'>illius</span> <span class='ocrx_word' id='word_1_281' title='bbox 504 1909 625 1954; x_wconf 85' lang='lat' dir='ltr'>gestis</span> <span class='ocrx_word' id='word_1_282' title='bbox 656 1910 857 1954; x_wconf 87' lang='lat' dir='ltr'>imperium</span> <span class='ocrx_word' id='word_1_283' title='bbox 875 1910 1007 1955; x_wconf 86' lang='lat' dir='ltr'>populi</span> <span class='ocrx_word' id='word_1_284' title='bbox 1024 1909 1184 1944; x_wconf 88' lang='lat' dir='ltr'>Romani</span> <span class='ocrx_word' id='word_1_285' title='bbox 1212 1910 1414 1951; x_wconf 87' lang='lat' dir='ltr'>definiunt,</span> <span class='ocrx_word' id='word_1_286' title='bbox 1431 1911 1560 1952; x_wconf 88' lang='lat' dir='ltr'>nolite,</span> 
     </span>
     <span class='ocr_line' id='line_1_37' title="bbox 250 1956 1558 2001; baseline 0.002 -12"><span class='ocrx_word' id='word_1_287' title='bbox 250 1968 317 2001; x_wconf 83' lang='lat' dir='ltr'>per</span> <span class='ocrx_word' id='word_1_288' title='bbox 357 1956 446 1990; x_wconf 86' lang='lat' dir='ltr'>deos</span> <span class='ocrx_word' id='word_1_289' title='bbox 475 1956 720 1990; x_wconf 80' lang='lat' dir='ltr'>inmortales!</span> <span class='ocrx_word' id='word_1_290' title='bbox 765 1957 920 1997; x_wconf 88' lang='lat' dir='ltr'>iudices,</span> <span class='ocrx_word' id='word_1_291' title='bbox 950 1957 1052 1991; x_wconf 88' lang='lat' dir='ltr'>hunc</span> <span class='ocrx_word' id='word_1_292' title='bbox 1084 1957 1141 1991; x_wconf 90' lang='lat' dir='ltr'>illi</span> <span class='ocrx_word' id='word_1_293' title='bbox 1167 1957 1345 1991; x_wconf 82' lang='lat' dir='ltr'>acerbum</span> <span class='ocrx_word' id='word_1_294' title='bbox 1376 1958 1558 1992; x_wconf 88' lang='lat' dir='ltr'>nuntium</span> 
     </span>
     <span class='ocr_line' id='line_1_38' title="bbox 251 2002 1562 2049; baseline 0.001 -12"><span class='ocrx_word' id='word_1_295' title='bbox 251 2003 349 2037; x_wconf 78' lang='lat' dir='ltr'>velle</span> <span class='ocrx_word' id='word_1_296' title='bbox 372 2002 543 2047; x_wconf 83' lang='lat' dir='ltr'>perferri,</span> <span class='ocrx_word' id='word_1_297' title='bbox 560 2010 603 2036; x_wconf 86' lang='lat' dir='ltr'>ut</span> <span class='ocrx_word' id='word_1_298' title='bbox 630 2015 742 2037; x_wconf 89' lang='lat' dir='ltr'>suum</span> <span class='ocrx_word' id='word_1_299' title='bbox 758 2003 994 2049; x_wconf 76' lang='lat' dir='ltr'>praefectum</span> <span class='ocrx_word' id='word_1_300' title='bbox 1023 2003 1187 2044; x_wconf 84' lang='lat' dir='ltr'>fabrum,</span> <span class='ocrx_word' id='word_1_301' title='bbox 1205 2008 1249 2038; x_wconf 88' lang='lat' dir='ltr'>ut</span> <span class='ocrx_word' id='word_1_302' title='bbox 1278 2004 1472 2038; x_wconf 87' lang='lat' dir='ltr'>hominem</span> <span class='ocrx_word' id='word_1_303' title='bbox 1488 2004 1562 2038; x_wconf 90' lang='lat' dir='ltr'>sibi</span> 
     </span>
     <span class='ocr_line' id='line_1_39' title="bbox 251 2049 1561 2096; baseline 0.002 -13"><span class='ocrx_word' id='word_1_304' title='bbox 251 2049 491 2084; x_wconf 87' lang='lat' dir='ltr'>carissimum</span> <span class='ocrx_word' id='word_1_305' title='bbox 503 2054 541 2084; x_wconf 91' lang='lat' dir='ltr'>et</span> <span class='ocrx_word' id='word_1_306' title='bbox 558 2049 900 2084; x_wconf 79' lang='lat' dir='ltr'>familiarissimum</span> <span class='ocrx_word' id='word_1_307' title='bbox 917 2062 993 2085; x_wconf 90' lang='lat' dir='ltr'>non</span> <span class='ocrx_word' id='word_1_308' title='bbox 1006 2051 1052 2085; x_wconf 92' lang='lat' dir='ltr'>ob</span> <span class='ocrx_word' id='word_1_309' title='bbox 1063 2051 1184 2095; x_wconf 88' lang='lat' dir='ltr'>ipsius</span> <span class='ocrx_word' id='word_1_310' title='bbox 1201 2051 1354 2096; x_wconf 90' lang='lat' dir='ltr'>aliquod</span> <span class='ocrx_word' id='word_1_311' title='bbox 1366 2051 1561 2092; x_wconf 87' lang='lat' dir='ltr'>delictum,</span> 
     </span>
     <span class='ocr_line' id='line_1_40' title="bbox 252 2095 1560 2143; baseline 0.001 -12"><span class='ocrx_word' id='word_1_312' title='bbox 252 2096 319 2131; x_wconf 88' lang='lat' dir='ltr'>sed</span> <span class='ocrx_word' id='word_1_313' title='bbox 351 2096 398 2131; x_wconf 93' lang='lat' dir='ltr'>ob</span> <span class='ocrx_word' id='word_1_314' title='bbox 443 2107 552 2130; x_wconf 88' lang='lat' dir='ltr'>suam</span> <span class='ocrx_word' id='word_1_315' title='bbox 587 2095 886 2132; x_wconf 81' lang='lat' dir='ltr'>familiaritatem</span> <span class='ocrx_word' id='word_1_316' title='bbox 921 2097 1064 2132; x_wconf 85' lang='lat' dir='ltr'>vestris</span> <span class='ocrx_word' id='word_1_317' title='bbox 1098 2109 1321 2143; x_wconf 88' lang='lat' dir='ltr'>oppressum</span> <span class='ocrx_word' id='word_1_318' title='bbox 1355 2098 1560 2132; x_wconf 84' lang='lat' dir='ltr'>sententiis</span> 
     </span>
     <span class='ocr_line' id='line_1_41' title="bbox 249 2142 1594 2190; baseline 0.001 -12"><span class='ocrx_word' id='word_1_319' title='bbox 249 2143 393 2178; x_wconf 84' lang='lat' dir='ltr'>audiat.</span> <span class='ocrx_word' id='word_1_320' title='bbox 453 2142 689 2177; x_wconf 83' lang='lat' dir='ltr'>Miseremini</span> <span class='ocrx_word' id='word_1_321' title='bbox 723 2144 815 2183; x_wconf 86' lang='lat' dir='ltr'>eius,</span> <span class='ocrx_word' id='word_1_322' title='bbox 850 2144 916 2189; x_wconf 91' lang='lat' dir='ltr'>qui</span> <span class='ocrx_word' id='word_1_323' title='bbox 950 2156 1025 2178; x_wconf 86' lang='lat' dir='ltr'>non</span> <span class='ocrx_word' id='word_1_324' title='bbox 1057 2144 1102 2179; x_wconf 88' lang='lat' dir='ltr'>de</span> <span class='ocrx_word' id='word_1_325' title='bbox 1130 2157 1200 2179; x_wconf 90' lang='lat' dir='ltr'>suo</span> <span class='ocrx_word' id='word_1_326' title='bbox 1226 2148 1393 2190; x_wconf 84' lang='lat' dir='ltr'>peccato,</span> <span class='ocrx_word' id='word_1_327' title='bbox 1420 2145 1487 2179; x_wconf 88' lang='lat' dir='ltr'>sed</span> <span class='ocrx_word' id='word_1_328' title='bbox 1511 2145 1560 2179; x_wconf 84' lang='lat' dir='ltr'>de</span> <span class='ocrx_word' id='word_1_329' title='bbox 1592 2156 1594 2158; x_wconf 72' lang='grc'>’</span> 
     </span>
     <span class='ocr_line' id='line_1_42' title="bbox 250 2189 1558 2237; baseline 0.002 -14"><span class='ocrx_word' id='word_1_330' title='bbox 250 2189 365 2224; x_wconf 88' lang='lat' dir='ltr'>huius</span> <span class='ocrx_word' id='word_1_331' title='bbox 385 2189 524 2224; x_wconf 89' lang='lat' dir='ltr'>summi</span> <span class='ocrx_word' id='word_1_332' title='bbox 543 2195 580 2224; x_wconf 90' lang='lat' dir='ltr'>et</span> <span class='ocrx_word' id='word_1_333' title='bbox 610 2190 812 2224; x_wconf 85' lang='lat' dir='ltr'>clarissimi</span> <span class='ocrx_word' id='word_1_334' title='bbox 840 2192 915 2225; x_wconf 86' lang='lat' dir='ltr'>viri</span> <span class='ocrx_word' id='word_1_335' title='bbox 941 2191 1052 2232; x_wconf 89' lang='lat' dir='ltr'>facto,</span> <span class='ocrx_word' id='word_1_336' title='bbox 1069 2203 1146 2226; x_wconf 92' lang='lat' dir='ltr'>non</span> <span class='ocrx_word' id='word_1_337' title='bbox 1175 2192 1221 2226; x_wconf 88' lang='lat' dir='ltr'>de</span> <span class='ocrx_word' id='word_1_338' title='bbox 1240 2192 1365 2237; x_wconf 87' lang='lat' dir='ltr'>aliquo</span> <span class='ocrx_word' id='word_1_339' title='bbox 1390 2191 1558 2232; x_wconf 85' lang='lat' dir='ltr'>crimine,</span> 
     </span>
     <span class='ocr_line' id='line_1_43' title="bbox 251 2236 1556 2282; baseline 0.002 -12"><span class='ocrx_word' id='word_1_340' title='bbox 251 2236 317 2270; x_wconf 92' lang='lat' dir='ltr'>sed</span> <span class='ocrx_word' id='word_1_341' title='bbox 340 2236 510 2282; x_wconf 88' lang='lat' dir='ltr'>periculo</span> <span class='ocrx_word' id='word_1_342' title='bbox 537 2247 605 2270; x_wconf 90' lang='lat' dir='ltr'>suo</span> <span class='ocrx_word' id='word_1_343' title='bbox 630 2237 676 2271; x_wconf 80' lang='lat' dir='ltr'>(le</span> <span class='ocrx_word' id='word_1_344' title='bbox 702 2237 853 2282; x_wconf 87' lang='lat' dir='ltr'>publico</span> <span class='ocrx_word' id='word_1_345' title='bbox 872 2239 954 2272; x_wconf 90' lang='lat' dir='ltr'>iure</span> <span class='ocrx_word' id='word_1_346' title='bbox 980 2238 1179 2282; x_wconf 84' lang='lat' dir='ltr'>disceptat.</span> <span class='ocrx_word' id='word_1_347' title='bbox 1230 2238 1340 2282; x_wconf 88' lang='lat' dir='ltr'>Quod</span> <span class='ocrx_word' id='word_1_348' title='bbox 1357 2239 1418 2273; x_wconf 91' lang='lat' dir='ltr'>ius</span> <span class='ocrx_word' id='word_1_349' title='bbox 1437 2238 1470 2272; x_wconf 89' lang='lat' dir='ltr'>si</span> <span class='ocrx_word' id='word_1_350' title='bbox 1488 2237 1556 2273; x_wconf 87' lang='lat' dir='ltr'>Cn.</span> 
     </span>
     <span class='ocr_line' id='line_1_44' title="bbox 249 2283 1557 2329; baseline 0.002 -12"><span class='ocrx_word' id='word_1_351' title='bbox 249 2283 452 2328; x_wconf 88' lang='lat' dir='ltr'>Pompeius</span> <span class='ocrx_word' id='word_1_352' title='bbox 478 2283 682 2328; x_wconf 82' lang='lat' dir='ltr'>ignoravit,</span> <span class='ocrx_word' id='word_1_353' title='bbox 723 2285 755 2317; x_wconf 85' lang='lat' dir='ltr'>si</span> <span class='ocrx_word' id='word_1_354' title='bbox 786 2284 835 2318; x_wconf 83' lang='lat' dir='ltr'>M.</span> <span class='ocrx_word' id='word_1_355' title='bbox 864 2285 1038 2325; x_wconf 78' lang='lat' dir='ltr'>Crassus,</span> <span class='ocrx_word' id='word_1_356' title='bbox 1067 2286 1100 2319; x_wconf 91' lang='lat' dir='ltr'>si</span> <span class='ocrx_word' id='word_1_357' title='bbox 1130 2284 1171 2329; x_wconf 93' lang='lat' dir='ltr'>Q.</span> <span class='ocrx_word' id='word_1_358' title='bbox 1205 2285 1396 2326; x_wconf 77' lang='lat' dir='ltr'>Metellus,</span> <span class='ocrx_word' id='word_1_359' title='bbox 1424 2285 1457 2319; x_wconf 89' lang='lat' dir='ltr'>si</span> <span class='ocrx_word' id='word_1_360' title='bbox 1489 2284 1557 2319; x_wconf 88' lang='lat' dir='ltr'>Cn.</span> 
     </span>
     <span class='ocr_line' id='line_1_45' title="bbox 247 2330 1559 2375; baseline 0.002 -11"><span class='ocrx_word' id='word_1_361' title='bbox 247 2330 450 2375; x_wconf 86' lang='lat' dir='ltr'>Pompeius</span> <span class='ocrx_word' id='word_1_362' title='bbox 477 2337 595 2374; x_wconf 86' lang='lat' dir='ltr'>pater,</span> <span class='ocrx_word' id='word_1_363' title='bbox 627 2330 659 2364; x_wconf 89' lang='lat' dir='ltr'>si</span> <span class='ocrx_word' id='word_1_364' title='bbox 689 2330 730 2363; x_wconf 89' lang='lat' dir='ltr'>L.</span> <span class='ocrx_word' id='word_1_365' title='bbox 753 2330 867 2372; x_wconf 84' lang='lat' dir='ltr'>Sulla,</span> <span class='ocrx_word' id='word_1_366' title='bbox 894 2332 926 2366; x_wconf 92' lang='lat' dir='ltr'>si</span> <span class='ocrx_word' id='word_1_367' title='bbox 951 2331 992 2366; x_wconf 86' lang='lat' dir='ltr'>P.</span> <span class='ocrx_word' id='word_1_368' title='bbox 1013 2332 1186 2372; x_wconf 89' lang='lat' dir='ltr'>Crassus,</span> <span class='ocrx_word' id='word_1_369' title='bbox 1219 2333 1250 2366; x_wconf 93' lang='lat' dir='ltr'>si</span> <span class='ocrx_word' id='word_1_370' title='bbox 1281 2331 1320 2366; x_wconf 93' lang='lat' dir='ltr'>C.</span> <span class='ocrx_word' id='word_1_371' title='bbox 1347 2332 1506 2371; x_wconf 48' lang='lat' dir='ltr'>Mariua</span> <span class='ocrx_word' id='word_1_372' title='bbox 1525 2331 1559 2366; x_wconf 89' lang='lat' dir='ltr'>si</span> 
     </span>
     <span class='ocr_line' id='line_1_46' title="bbox 248 2377 1557 2424; baseline 0.002 -12"><span class='ocrx_word' id='word_1_373' title='bbox 248 2384 414 2419; x_wconf 84' lang='lat' dir='ltr'>senatus,</span> <span class='ocrx_word' id='word_1_374' title='bbox 433 2377 466 2412; x_wconf 90' lang='lat' dir='ltr'>si</span> <span class='ocrx_word' id='word_1_375' title='bbox 483 2377 647 2422; x_wconf 89' lang='lat' dir='ltr'>populus</span> <span class='ocrx_word' id='word_1_376' title='bbox 673 2377 879 2419; x_wconf 82' lang='lat' dir='ltr'>Romanus,</span> <span class='ocrx_word' id='word_1_377' title='bbox 901 2379 944 2420; x_wconf 90' lang='lat' dir='ltr'>si,</span> <span class='ocrx_word' id='word_1_378' title='bbox 963 2379 1029 2424; x_wconf 90' lang='lat' dir='ltr'>qui</span> <span class='ocrx_word' id='word_1_379' title='bbox 1046 2379 1093 2414; x_wconf 90' lang='lat' dir='ltr'>de</span> <span class='ocrx_word' id='word_1_380' title='bbox 1116 2390 1157 2413; x_wconf 90' lang='lat' dir='ltr'>re</span> <span class='ocrx_word' id='word_1_381' title='bbox 1184 2379 1300 2413; x_wconf 87' lang='lat' dir='ltr'>simili</span> <span class='ocrx_word' id='word_1_382' title='bbox 1323 2379 1557 2420; x_wconf 86' lang='lat' dir='ltr'>iudicarunt,</span> 
     </span>
    </p>
   </div>
  </div>
 </body>
</html>
