1674 2672
546 202 727 230 331111οΝ3
757 192 926 231 48-54,
1355 192 1405 229 25

87 293 323 339 Saguntinos
357 293 494 328 Fabios
528 293 686 328 civitate
720 293 886 329 donavit.
937 293 1094 328 Etenim
1135 305 1222 329 cum
1264 295 1402 329 ceteris

83 341 261 387 praemiis
280 340 391 386 digni
417 346 520 381 sunt,
547 341 614 386 qui
632 352 703 375 suo
728 341 856 376 labore
873 343 913 376 et
938 341 1107 386 periculo
1123 348 1295 376 nostram
1320 353 1403 376 rem

83 388 278 434 publicam
306 387 532 428 defendunt,
550 392 634 422 tum
656 392 760 423 certe
785 388 1003 433 dignissimi
1033 392 1135 428 sunt,
1154 388 1221 434 qui
1246 388 1404 423 civitate

83 447 127 471 ea
166 434 368 476 donentur,
400 446 470 480 pro
503 446 579 480 qua
611 436 777 480 pericula
810 446 854 469 ac
879 435 957 470 tela
998 435 1212 470 subierunt.
1273 435 1404 480 Atque

82 482 242 521 utinam,
263 482 328 527 qui
342 481 482 527 ubique
503 485 595 516 sunt
610 487 916 527 propugnatores
935 482 1049 516 huius
1066 482 1227 527 imperii,
1244 488 1404 527 possent

83 529 123 564 in
141 529 239 564 hano
256 529 454 564 civitatem
478 529 607 563 venire
633 534 671 564 et
695 534 830 564 contra
855 534 1141 575 oppugnatores
1158 529 1213 564 rei
1229 529 1405 575 publicae

81 576 130 612 de
153 576 312 612 civitate
344 575 610 611 exterminari!
669 575 804 622 Neque
829 577 932 610 enim
967 576 1030 610 ille
1068 588 1242 611 summus
1282 579 1398 622 poeta

81 628 212 659 noster
240 623 468 658 Hannibalis
494 623 600 657 illam
627 623 751 668 magis
779 623 1079 658 cohortationem
1104 635 1219 670 quam
1236 634 1403 659 commu-

82 682 169 706 nem
185 670 474 716 imperatoriam
493 670 617 705 voluit
634 682 738 705 esse.

175 735 339 772 Hostem
356 737 422 782 qui
440 736 560 776 feriet,
577 735 661 777 erit,
681 736 836 783 (inquit)
855 736 909 772 mi
927 735 1275 782 Carthaginiensis,

177 783 359 830 Quisquis
377 783 462 824 erit,
481 783 616 818 cuiatis
636 783 718 818 siet.

127 854 152 896 †
175 851 223 888 Id
238 852 381 887 habent
399 853 470 887 hoc
495 853 578 887 leve
595 858 634 887 et
663 864 812 898 semper
837 852 1058 888 habuerunt
1076 852 1208 898 itaque
1239 856 1278 887 et
1305 852 1403 888 civis

79 899 250 946 undique
267 900 380 934 fortis
399 900 500 934 viros
517 900 767 935 adsciverunt
785 904 824 934 et
842 900 1043 935 hominum
1067 899 1296 946 ignobilium
1322 900 1398 934 vir-

78 953 205 983 tutem
221 958 403 993 persaepe
420 947 635 982 nobilitatis
661 947 822 982 inertiae
838 947 1119 993 praetulerunt.

100 994 282 1029 „XXHL
309 995 364 1029 52.
391 994 557 1030 Habetis
575 995 846 1041 imperatorum
865 1006 1103 1030 summorum
1116 997 1156 1029 et
1169 993 1406 1039 sapientissi-

80 1053 231 1077 morum
259 1042 472 1081 hominum,
500 1042 802 1077 clarissimorum
828 1042 1011 1082 virorum,
1044 1042 1405 1088 interpretationem

81 1090 178 1124 iuris
202 1101 246 1124 ac
257 1088 465 1124 foederum.
515 1089 624 1124 Dabo
649 1090 767 1124 etiam
784 1089 966 1130 iudicum,
984 1089 1049 1135 qui
1079 1089 1168 1124 111110
1185 1089 1405 1134 quaestioni

80 1136 344 1183 praefuerunt,
374 1137 472 1172 dabo
503 1137 679 1172 universi
710 1137 841 1182 populi
876 1136 1050 1177 Romani,
1078 1136 1176 1172 dabo
1208 1136 1404 1171 sanctissi-

79 1196 187 1219 mum
214 1190 253 1219 et
282 1183 607 1228 sapientissimum
650 1184 836 1219 iudicium
871 1184 987 1219 etiam
1017 1188 1186 1219 senatus.
1250 1183 1404 1219 Iudices

79 1243 168 1267 cum
192 1243 285 1278 prae
303 1242 343 1266 se
368 1231 515 1266 ferrent
531 1232 735 1276 palamque
760 1231 1020 1277 loquerentur,
1037 1231 1133 1277 quid
1160 1234 1292 1266 essent
1319 1231 1405 1276 lege

79 1278 198 1325 Papia
240 1279 288 1314 de
327 1278 379 1312 M.
414 1278 548 1313 Cassio
591 1278 834 1313 Mamertinis
875 1278 1143 1324 repetentibus
1183 1278 1403 1332 iudicaturi,

80 1325 303 1361 Mamertini
320 1325 472 1379 publice
490 1330 673 1372 suscepta
689 1337 804 1361 causa
823 1326 1066 1361 destiterunt.
1114 1325 1233 1360 Multi
1257 1325 1298 1360 in
1314 1325 1403 1360 civi-

78 1377 199 1409 tatem
226 1374 369 1419 recepti
395 1385 439 1408 ex
466 1373 598 1408 liberis
623 1373 908 1418 foederatisque
932 1373 1084 1419 populis
1109 1372 1262 1407 liberati
1287 1377 1403 1414 sunt3

78 1432 192 1456 nemo
214 1432 398 1466 umquam
428 1424 488 1455 est
513 1422 560 1456 de
589 1421 748 1455 civitate
777 1424 989 1462 accusatus,
1015 1419 1119 1466 quod
1143 1424 1211 1455 aut
1239 1421 1404 1466 populus

79 1467 227 1503 fundus
247 1467 369 1503 factus
387 1479 463 1502 11011
486 1472 601 1508 esset,
620 1473 687 1503 aut
705 1467 809 1513 quod
832 1467 985 1502 foedere
1001 1467 1172 1503 civitatis
1199 1467 1405 1503 mutandae

78 1515 140 1550 ius
173 1515 438 1561 impediretur.
504 1515 560 1550 53.
586 1515 749 1550 Audebo
775 1515 892 1550 etiam
918 1514 991 1550 hoc
1023 1514 1263 1556 contendere,
1292 1526 1403 1549 num-

79 1574 195 1608 quam
228 1574 312 1597 esse
355 1562 665 1603 condemnatum,
699 1574 812 1608 quem
853 1566 1048 1597 constaret
1079 1562 1128 1597 ab
1171 1562 1404 1608 imperatore

78 1614 211 1645 nostro
239 1610 397 1645 civitate
427 1610 622 1645 donatum.
685 1609 915 1655 Cognoscite
947 1620 1050 1644 nunc
1077 1609 1224 1663 populi
1239 1609 1404 1644 Romani

78 1657 264 1692 iudicium
279 1657 416 1692 multis
444 1658 559 1692 rebus
578 1657 854 1703 interpositum
871 1661 986 1703 atque
1002 1657 1043 1691 in
1068 1656 1248 1691 maximis
1275 1656 1403 1691 causis

78 1716 120 1740 re
151 1704 236 1750 ipsa
274 1710 390 1750 atque
430 1716 506 1739 usu
539 1705 838 1749 comprobatum.
889 1703 988 1739 Cum
1033 1703 1184 1739 Latinis
1225 1704 1403 1739 omnibus

78 1751 215 1787 foedus
245 1763 331 1787 esse
359 1752 481 1787 ictum
513 1751 578 1798 Sp.
610 1751 742 1787 Cassio
772 1751 957 1786 Postumo
986 1751 1159 1786 Cominio
1180 1751 1403 1786 consulibus

79 1799 166 1852 quis
184 1799 363 1844 ignorat?
390 1799 492 1845 quod
519 1799 673 1845 quidem
691 1811 817 1845 nuper
835 1799 876 1833 in
904 1799 1082 1834 columna
1099 1799 1245 1834 ahenea
1273 1799 1403 1833 memi-

79 1846 210 1881 nimus
227 1851 316 1892 post
340 1854 466 1881 rostra
483 1847 647 1882 incisum
665 1850 704 1882 et
721 1846 982 1893 perscriptum
998 1846 1130 1881 fuisse.
1181 1845 1264 1890 Quo
1291 1845 1404 1880 modo

81 1893 204 1939 igitur
249 1893 290 1928 L.
334 1893 535 1929 Cossinius
567 1894 719 1935 Tiburs,
757 1899 867 1938 pater
900 1893 1016 1928 huius
1050 1893 1194 1939 equitis
1229 1892 1405 1934 Romani,

79 1941 217 1986 optimi
235 1948 351 1994 atque
380 1941 618 1976 ornatissimi
644 1941 730 1981 viri,
749 1941 932 1976 damnato
958 1941 999 1975 T.
1031 1940 1169 1980 Caelio,
1186 1951 1262 1986 quo
1292 1940 1404 1975 modo

79 1999 125 2023 ex
153 1988 284 2023 eadem
314 1988 472 2024 civitate
490 1989 530 2023 T.
550 1988 756 2033 Coponius,
774 1989 867 2023 civis
897 1989 992 2023 item
1023 1999 1172 2022 summa
1200 1988 1348 2022 virtute
1366 1993 1404 2022 et

79 2035 287 2081 dignitate,
323 2037 495 2079 (nepotes
530 2036 573 2071 T.
608 2042 645 2072 et
680 2035 722 2071 C.
757 2035 946 2081 Coponios
978 2035 1117 2075 nostis)
1152 2035 1331 2070 damnato
1361 2034 1403 2069 C.

79 2081 239 2118 Masone
256 2083 351 2118 civis
378 2083 574 2118 Romanus
593 2089 652 2118 est
668 2083 819 2118 factus.
811 2083 827 2109 9
878 2083 932 2117 54.
958 2082 1020 2117 An
1038 2082 1174 2127 lingua
1191 2086 1230 2117 et
1247 2082 1405 2127 ingenio

79 2129 254 2176 patefieri
286 2130 415 2165 aditus
449 2130 498 2166 ad
531 2131 730 2166 civitatem
763 2131 901 2175 potuit,
927 2142 1045 2164 manu
1079 2136 1117 2165 et
1150 2130 1300 2164 virtute
1327 2141 1403 2164 non

78 2176 233 2222 potuit?
259 2177 394 2222 an[ne]
414 2178 460 2212 de
486 2178 595 2213 nobis
622 2178 774 2213 trahere
803 2178 923 2224 spolia
949 2177 1157 2212 foederatis
1184 2176 1338 2217 licebat,
1357 2177 1404 2211 de

79 2223 257 2260 hostibus
275 2237 352 2260 non
379 2224 547 2260 licebat?
574 2237 634 2265 an,
653 2225 755 2271 quod
781 2225 943 2267 adipisci
961 2229 1138 2270 poterant
1165 2223 1338 2265 dicendo,
1365 2224 1404 2258 id

80 2271 136 2306 eis
165 2273 375 2326 pugnando
407 2273 564 2326 adsequi
594 2285 671 2307 non
701 2272 865 2307 licebat?
909 2284 958 2306 an
999 2271 1210 2307 accusatori
1240 2271 1404 2306 maiores

79 2319 203 2355 nostri
222 2320 365 2354 maiora
382 2321 551 2364 piaemia
568 2332 683 2365 quam
702 2319 875 2354 bellatori
895 2331 979 2354 esse
1004 2317 1239 2354 voluerunt?

126 2365 275 2402 XXIV.
303 2366 448 2411 Quodsi
478 2368 724 2402 acerbissima
753 2367 837 2413 lege
864 2366 1027 2402 Servilia
1043 2366 1237 2412 principes
1264 2365 1340 2400 viri
1366 2369 1422 2401 et-
