1674 2672
224 212 274 250 22
676 221 814 249 menno
843 220 915 248 PRO
944 220 1076 247 BALBO.

224 319 370 350 sentem
389 313 456 349 Cn.
474 313 707 358 Pompeium,
722 324 835 358 quem
848 312 980 358 procul
997 312 1044 346 ab
1060 311 1214 346 illorum
1231 311 1430 346 moenibus
1444 323 1530 347 acre

223 366 260 396 et
279 372 460 405 magnum
476 361 619 395 bellum
638 363 831 405 gerentem
850 362 1062 394 commeatu
1079 359 1313 404 pecuniaque
1336 358 1529 400 iuverunt,

223 412 262 443 et
280 409 349 442 hoc
372 414 542 452 tempore
568 407 695 452 ipsum
719 407 904 451 populum
928 406 1151 446 Romanum,
1169 416 1282 451 quem
1306 405 1347 439 in
1371 406 1530 441 caritate

222 466 404 495 annonae,
422 457 467 488 ut
493 465 604 499 saepe
628 458 717 488 ante
742 453 919 493 fecerant,
943 452 1136 487 frumento
1162 451 1408 497 suppeditato
1429 452 1530 486 leva-

223 506 323 541 runt,
355 513 395 535 se
422 501 492 535 hoc
520 501 579 535 ius
607 511 689 534 esse
705 500 813 540 velle,
841 502 886 533 ut
912 499 984 534 sibi
1009 503 1048 534 et
1074 499 1217 539 liberis,
1244 499 1277 533 si
1301 499 1369 544 qui
1393 499 1531 533 eximia

224 548 368 582 virtute
384 547 512 587 fuerit,
531 547 582 581 sit
598 547 639 580 in
656 546 800 581 nostris
819 546 968 587 castris,
989 546 1039 580 sit
1058 546 1097 580 in
1122 546 1399 590 imperatorum
1425 557 1531 591 prae-

224 595 345 635 toriis,
361 595 409 628 sit
427 594 588 639 denique
602 594 705 628 inter
718 594 829 636 signa
845 597 959 639 atque
975 593 1013 626 in
1032 593 1110 627 acie
1127 593 1244 634 locus,
1259 592 1310 627 sit
1326 592 1387 626 his
1404 593 1530 637 gradi-

225 642 294 675 bus
313 652 493 675 ascensus
511 641 627 674 etiam
638 640 687 674 ad
697 640 901 674 civitatem.
942 639 1095 675 XVIII.
1121 639 1175 673 41.
1203 639 1349 683 Quodsi
1361 638 1483 680 Afris,
1498 639 1531 674 si
1554 667 1559 674 .

227 687 368 728 Sardis,
383 688 416 722 si
433 687 618 732 Hispanis
631 687 733 731 agris
749 678 1015 732 stipendioque
1026 686 1201 720 multatis
1212 686 1356 720 virtute
1370 685 1534 731 adipisci

224 736 313 769 licet
338 734 542 775 civitatem,
570 733 768 768 Gaditanis
795 738 921 768 autem
947 733 1088 773 officiis,
1106 736 1311 773 vetustate,
1329 732 1414 773 fide,
1432 733 1531 778 peri-

223 782 329 822 culis,
347 781 499 815 foedere
516 780 729 815 coniunctis
746 780 819 815 hoc
836 780 938 814 idem
954 792 1030 814 non
1046 780 1187 821 licebit,
1205 791 1281 814 non
1298 779 1431 814 foedus
1458 779 1532 814 sibi

225 828 432 868 nobiscum,
451 827 519 862 sed
535 827 794 873 iniquissimas
811 827 916 871 leges
934 827 1119 871 inpositas
1143 838 1165 861 a
1189 826 1300 860 nobis
1326 838 1410 861 esse
1433 826 1530 860 arbi-

224 875 440 909 trabuntur.
489 875 618 919 Atque
642 874 751 914 hanc,
776 873 932 915 iudices,
957 885 1035 908 non
1060 885 1082 907 a
1106 885 1165 908 me
1190 873 1284 916 fingi
1307 873 1530 914 orationem,

225 922 290 956 scd
320 933 378 955 me
407 921 541 962 dicere,
571 932 666 966 quae
696 920 877 955 Gaditani
903 920 1121 961 iudicarint,
1150 931 1211 954 res
1237 920 1323 964 ipsa
1350 920 1531 955 declarat.

229 968 443 1012 Hospitium
469 968 601 1002 multis
630 967 738 1002 annis
766 972 852 1001 ante
882 967 952 1002 hoc
981 971 1136 1012 tempus
1166 978 1253 1001 cum
1282 966 1325 1000 L.
1356 966 1532 1001 Cornelio

226 1016 431 1050 (zaditanos
448 1014 584 1049 fecisse
608 1013 761 1059 publice
787 1013 880 1048 dico.
930 1014 1126 1048 Proferam
1150 1019 1357 1055 tesseram3
1383 1014 1531 1058 legatos

224 1063 366 1096 excito:
407 1061 625 1095 laudatores
661 1060 710 1094 ad
747 1060 818 1095 hoc
853 1060 1040 1095 iudicium
1081 1072 1250 1095 summos
1280 1061 1455 1095 homines
1489 1071 1532 1095 ac

229 1108 479 1143 nobilissimos
508 1108 772 1152 deprecatores
802 1107 916 1141 huius
942 1107 1103 1152 periculi
1127 1108 1266 1143 missos
1294 1107 1455 1148 videtis3
1489 1119 1532 1142 re

234 1156 385 1200 lenique
409 1154 531 1188 multo
555 1158 644 1188 ante
670 1153 840 1188 Gadibus
864 1154 1048 1194 inaudita,
1074 1154 1156 1189 fore
1188 1158 1232 1189 ut
1266 1153 1356 1189 huic
1388 1154 1435 1188 ab
1466 1154 1533 1189 illo

224 1202 434 1245 periculum
464 1205 657 1235 crearetur
675 1200 696 1223 ᾗ
713 1199 771 1222 *²³¹⁵
788 1201 1015 1245 gravissima
1046 1205 1177 1236 autem
1202 1201 1243 1235 in
1267 1201 1385 1235 istum
1410 1201 1532 1235 civem

226 1261 335 1282 >suum
361 1248 540 1283 Gaditani
566 1253 719 1282 senatus
745 1248 921 1282 consulta
945 1247 1128 1283 fecerunt.
1177 1248 1233 1282 42.
1259 1248 1391 1283 Potuit
1408 1247 1532 1292 magis

227 1295 366 1330 fundus
407 1295 569 1340 populus
613 1294 825 1328 Gaditanus
858 1294 950 1335 fieri,
984 1295 1164 1340 quoniam
1196 1295 1267 1329 hoc
1301 1306 1533 1340 magnopere

224 1343 408 1376 delectare
425 1342 552 1382 verbo,
571 1341 602 1375 si
620 1345 703 1374 tum
729 1341 772 1375 fit
797 1341 954 1381 fundus,
972 1353 1056 1375 cum
1085 1342 1181 1376 scita
1203 1354 1246 1376 ac
1271 1342 1377 1375 iussa
1400 1346 1534 1376 nostra

227 1400 292 1422 <ua
317 1389 507 1422 sententia
531 1388 763 1432 comprobat,
790 1399 903 1432 quam
930 1399 1018 1422 cum
1044 1389 1254 1433 hospitium
1283 1388 1386 1429 fecit,
1416 1393 1460 1423 ut
1494 1391 1533 1423 et

224 1436 376 1470 civitate
392 1435 498 1468 illum
518 1438 711 1468 mutatum
729 1446 810 1468 esse
824 1434 1012 1469 fateretur
1026 1439 1064 1469 et
1078 1435 1193 1469 huius
1209 1435 1376 1470 civitatis
1390 1435 1533 1470 honore

222 1482 490 1527 dignissimum
507 1482 720 1516 iudicaret?
754 1482 880 1526 potuit
909 1482 1049 1516 certius
1080 1483 1322 1527 interponere
1347 1481 1532 1517 iudicium

223 1530 432 1564 voluntatis
456 1540 556 1568 suae,
583 1540 696 1573 quam
724 1540 810 1562 cum
835 1529 951 1562 etiam
979 1533 1238 1563 accusatorem
1266 1529 1381 1563 huius
1409 1529 1533 1563 multa

219 1580 259 1610 et
277 1587 397 1621 poena
415 1574 592 1609 notavit?
619 1575 745 1619 potuit
764 1575 886 1618 magis
905 1575 952 1610 de
969 1587 1010 1610 re
1035 1575 1214 1616 iudicare,
1232 1587 1345 1621 quam
1371 1587 1457 1610 cum
1483 1575 1533 1610 ad

220 1627 393 1657 vestrum
410 1622 593 1656 iudicium
611 1622 703 1656 civis
722 1622 979 1666 amplissimos
998 1622 1142 1667 legavit
1159 1623 1272 1658 testis
1291 1623 1407 1657 huius
1425 1622 1532 1663 iuris,

221 1670 324 1703 vitae
342 1669 571 1708 laudatores,
589 1669 747 1713 periculi
772 1669 1063 1713 deprecatores?
1114 1669 1170 1704 43.
1197 1669 1350 1704 Etenim
1368 1670 1454 1715 quis
1473 1675 1533 1704 est

221 1721 301 1751 tam
318 1716 485 1756 demens,
504 1716 595 1759 quin
615 1716 755 1749 sentiat
772 1716 831 1749 ius
850 1716 920 1750 hoc
939 1716 1141 1750 Gaditanis
1167 1728 1250 1750 esse
1275 1716 1532 1757 retinendum,

220 1775 268 1797 ne
298 1767 471 1807 saeptum
497 1763 547 1796 sit
573 1762 622 1796 iis
648 1762 722 1796 iter
746 1762 787 1796 in
813 1768 1042 1807 perpetuum
1076 1764 1123 1797 ad
1156 1763 1225 1797 hoc
1253 1763 1533 1808 amplissimum

220 1810 432 1854 praemium
450 1809 628 1849 civitatis,
656 1812 695 1843 et
721 1821 949 1855 magnopere
978 1810 1026 1843 iis
1056 1821 1139 1844 esse
1168 1810 1390 1845 laetandum
1416 1810 1532 1844 huius

220 1857 262 1890 L.
279 1856 432 1891 Corneli
449 1856 745 1890 benivolentiam
760 1868 850 1901 erga
864 1868 951 1891 suos
963 1868 1160 1891 remanere
1173 1856 1353 1898 Gadibus,
1368 1857 1533 1902 gratiam

221 1907 259 1938 et
275 1903 497 1937 facultatem
516 1902 805 1937 commendandi
824 1904 858 1936 in
878 1903 948 1938 hac
965 1904 1120 1938 civitate
1138 1903 1311 1938 versari?
1362 1903 1455 1947 Quis
1474 1907 1533 1939 est

220 1951 322 1984 enim
339 1954 525 1990 nostrum,
544 1949 604 1983 cui
622 1961 698 1983 non
716 1949 780 1983 illa
798 1950 932 1984 civitas
953 1951 1003 1985 sit
1029 1951 1143 1984 huius
1171 1950 1309 1990 studio,
1328 1962 1430 1990 cura,
1449 1950 1532 1984 dili-

220 1997 351 2042 gentia
383 1995 707 2030 commendatior?
773 1996 882 2030 XIX.
921 1997 1080 2038 Omitto,
1107 1997 1259 2042 quantis
1293 1997 1530 2032 ornamentis

220 2043 402 2088 populum
428 2043 547 2077 istum
577 2042 618 2077 C.
653 2042 803 2083 Caesar,
834 2055 920 2078 cum
954 2048 1055 2079 esset
1087 2045 1126 2077 in
1159 2044 1347 2089 Hispania
1371 2047 1532 2089 praetor,

219 2090 414 2129 adfecerit,
432 2089 708 2124 controversias
729 2090 882 2130 sedarit,
899 2091 983 2124 iura
1001 2091 1173 2135 ipsorum
1197 2091 1388 2136 permissu
1412 2096 1531 2126 statu-

221 2138 304 2178 erit,
322 2137 572 2171 inveteratam
590 2136 778 2181 quandam
791 2137 1002 2172 barbariam
1017 2150 1059 2172 ex
1077 2138 1351 2172 Gaditanorum
1361 2137 1531 2172 moribus

220 2184 494 2228 disciplinaque
521 2183 670 2222 delerit,
688 2195 836 2218 summa
860 2184 901 2218 in
927 2196 1008 2219 eam
1034 2185 1231 2220 civitatem
1255 2184 1370 2218 huius
1394 2188 1533 2230 rogatu

221 2231 349 2265 studia
366 2236 404 2264 et
422 2230 603 2264 beneficia
620 2231 835 2264 contulerit.
885 2231 1011 2265 Multa
1035 2237 1245 2277 praetereo,
1271 2243 1369 2277 quae
1393 2231 1532 2266 cotidie

220 2277 346 2312 labore
364 2277 480 2311 huius
499 2283 537 2310 et
556 2276 683 2310 studio
701 2282 767 2311 aut
786 2277 938 2312 omnino
953 2283 1129 2313 autcerte
1140 2278 1289 2313 facilius
1301 2289 1532 2323 consequan-

220 2329 294 2358 tur.
319 2324 455 2369 Itaque
471 2328 507 2358 et
523 2322 663 2357 adsunt
679 2323 870 2369 principes
882 2325 1053 2360 civitatis
1073 2331 1111 2360 et
1129 2325 1340 2360 defendunt
1351 2336 1479 2359 amore
1491 2328 1534 2360 ut

220 2383 331 2406 suum
349 2370 760 2410 civem,testimoniout
770 2376 954 2412 nostrum,
966 2372 1085 2407 officio
1100 2376 1142 2407 ut
1160 2384 1204 2406 ex
1215 2371 1451 2407 nobilissimo
1459 2371 1533 2406 civi
