1674 2672
615 201 798 230 ssscuoxs
826 191 994 231 33—40.
1413 193 1462 231 21

139 295 318 331 maiestas
335 295 555 330 conservari
579 294 748 335 iubetur,
767 293 813 328 de
830 294 951 330 altero
970 296 1118 332 siletur.
1143 300 1247 330 certe
1264 295 1327 329 ille
1344 306 1463 348 popu—

139 343 200 377 lus
224 343 265 377 in
284 342 480 388 superiore
507 341 727 376 condicione
743 352 932 388 causaque
959 344 1130 388 ponitui,
1149 343 1259 377 cuius
1278 343 1459 378 maiestas

138 389 303 424 foederis
329 389 529 424 sanctione
547 387 776 423 defenditur.
826 388 872 423 In
903 401 979 436 quo
996 399 1076 426 erat
1094 390 1326 426 accusatmis
1345 390 1461 425 intel-

138 436 304 482 pretatio
329 436 489 497 indigna
513 435 774 481 responsione,
793 437 858 481 qui
885 437 939 472 ita
963 437 1139 473 dicebat‘
1132 440 1152 454 “
1170 436 1362 472 comiter’'
1379 449 1463 472 esse

139 483 465 524 “communiterss’
495 483 607 529 quasi
643 494 733 518 vero
770 483 939 528 priscum
980 485 1134 530 aliquod
1163 491 1231 519 aut
1263 484 1461 519 insolitum

137 531 300 566 verbum
339 531 673 576 interpretaretur.
740 529 876 565 Comes
925 531 1095 576 benigni,
1138 532 1282 572 faciles,
1325 543 1461 567 suaves

138 578 313 614 homines
345 590 430 613 esse
471 577 680 619 dicuntur;
736 577 835 623 “qui
877 580 1021 614 erranti
1063 580 1222 614 comiter
1266 585 1460 614 monstrat

107 655 112 660 .
139 625 275 666 viam,'’
304 625 481 671 benigne,
511 637 589 660 non
619 626 847 670 gravate;“
861 626 1145 662 communiter”
1176 626 1333 672 quidem
1358 632 1461 661 certe

136 684 215 708 non
239 673 431 708 convenit.
481 672 532 707 Et,
559 672 675 707 simul
704 672 872 707 absurda
900 685 961 708 res
993 681 1051 708 est
1078 674 1204 709 caveri
1234 673 1396 714 foedere,
1416 679 1460 708 ut

135 720 382 755 maiestatem
398 720 530 766 populi
558 719 720 754 Romani
739 722 759 735 “
773 721 1027 756 communiter
1040 720 1059 735 '⁵
1079 725 1320 761 conservent,
1337 721 1378 755 id
1403 726 1461 755 est

135 770 182 802 ut
217 767 381 813 populus
414 767 611 802 Romanus
641 778 752 802 suam
788 768 1032 803 maiestatem
1064 780 1149 803 esse
1180 768 1328 803 salvam
1356 768 1461 803 velit.

136 813 284 858 Quodsi
312 815 389 850 iam
414 815 471 849 ita
496 818 608 855 esset,
634 819 678 848 ut
702 825 788 849 esse
823 826 901 850 non
925 819 1065 860 potest,
1089 819 1221 851 tamen
1256 815 1302 850 de
1327 819 1461 850 nostra

136 861 345 902 maiestate,
362 861 460 896 nihil
477 862 524 897 de
540 862 694 897 illorum
720 871 930 897 caveretur.
980 862 1164 898 Potestne
1190 862 1314 908 igitur
1329 866 1462 898 nostra

136 909 319 944 maiestas
346 920 370 944 a
388 908 589 944 Gaditanis
620 908 786 952 benigne·
801 911 1030 950 conservari
1049 910 1083 945 si
1108 910 1157 945 ad
1186 922 1270 945 eam
1296 910 1462 945 retinen-

134 956 225 991 dam
243 955 455 992 Gaditanos
480 956 662 1010 praemiis
681 956 817 991 elicere
841 968 917 991 nou
935 957 1174 1011 possumus?
1225 957 1358 992 Potest
1376 968 1460 992 esse

134 1003 216 1038 ulla
232 1003 398 1050 denique
415 1004 604 1045 maiestas,
625 1003 659 1038 si
684 1003 927 1057 impedimur,
946 1016 1021 1051 quo
1039 1005 1168 1040 minus
1191 1016 1260 1051 per
1275 1004 1462 1050 populum

135 1049 354 1086 Romanum
377 1050 648 1086 beneficiorum
675 1051 834 1086 virtutis
869 1063 986 1087 causa
1009 1052 1305 1088 tribuendorum
1336 1057 1461 1097 potes-

134 1102 257 1134 tatem
273 1099 572 1144 imperatoribus
589 1098 734 1133 nostris
751 1097 991 1134 deferamus.
984 1099 999 1126 9

182 1145 314 1181 XVII.
341 1146 397 1181 38.
426 1145 504 1181 Sed
521 1145 614 1192 quid
627 1157 699 1191 ego
710 1145 878 1191 disputo,
893 1158 991 1192 quae
1005 1146 1102 1181 mihi
1113 1151 1212 1186 tum,
1227 1147 1261 1182 si
1276 1145 1461 1182 Gaditani

133 1198 271 1228 contra
286 1205 349 1228 me
371 1193 554 1235 dicerent,
585 1205 676 1228 vere
700 1204 814 1239 posse
840 1193 916 1228 dici
940 1193 1166 1229 viderentur
1181 1194 1198 1229 P
1248 1194 1333 1228 Illis
1359 1194 1461 1228 enim

133 1241 399 1286 repetentibus
414 1240 457 1274 L.
477 1240 700 1276 Cornelium
707 1241 1112 1287 responderemlegem
1124 1242 1310 1286 populum
1324 1241 1460 1276 Roma-

134 1299 228 1322 num
247 1288 408 1323 iussisse
426 1288 472 1323 de
490 1288 649 1323 civitate
666 1288 894 1329 tribuenda3
920 1288 1010 1323 huic
1027 1289 1160 1334 generi
1173 1290 1304 1333 legum
1317 1288 1459 1323 fundos

133 1335 296 1380 populos
314 1335 398 1370 fieri
413 1347 490 1370 non
506 1336 651 1377 solere;
679 1334 747 1370 Cn.
766 1335 993 1381 Pompeium
1019 1336 1065 1371 de
1090 1336 1240 1371 consilii
1268 1336 1462 1371 sententia

133 1382 332 1418 civitatem
350 1383 440 1417 hnic
457 1382 620 1423 dedisse,
635 1382 788 1417 nullum
801 1383 932 1429 populi
946 1383 1072 1418 nostri
1082 1383 1232 1418 iussum
1247 1383 1459 1419 Gaditanos

134 1429 296 1472 habere3
322 1430 452 1476 itaque
470 1430 568 1464 nihil
586 1441 670 1465 esse
697 1437 997 1471 sacrosanctum,
1016 1431 1120 1476 quod
1145 1431 1230 1477 lege
1256 1438 1461 1476 exceptum

133 1477 353 1518 videretur3
381 1477 414 1512 si
430 1484 545 1518 esset,
557 1483 686 1512 tamen
703 1478 743 1511 in
759 1477 910 1512 foedere
929 1478 1026 1512 nihil
1040 1490 1124 1513 esse
1136 1484 1292 1513 cautum
1306 1483 1461 1524 praeter

133 1535 289 1570 pacem;
316 1524 492 1560 additum
510 1536 596 1560 esse
612 1525 730 1560 etiam
746 1524 855 1566 illud,
873 1530 919 1560 ut
936 1526 1180 1560 maiestatem
1203 1526 1259 1560 illi
1284 1530 1459 1560 nostram

132 1583 360 1608 conservare
377 1572 572 1614 deberent,
590 1584 687 1618 quae
704 1576 808 1607 certe
821 1573 1073 1614 minueretur,
1089 1574 1122 1607 si
1132 1578 1200 1608 aut
1213 1573 1460 1608 adiutoribus

134 1619 287 1654 illorum
320 1619 470 1655 civibus
504 1620 562 1654 uti
591 1620 632 1654 in
665 1620 778 1654 bellis
806 1620 917 1655 nobis
943 1632 1021 1655 non
1046 1620 1181 1655 liceret
1208 1626 1275 1655 aut
1299 1620 1460 1666 praemii

133 1666 332 1702 tribuendi
349 1672 582 1713 potestatem
600 1667 749 1702 nullam
763 1667 1003 1702 haberemus.
1053 1667 1110 1702 39.
1128 1668 1243 1703 Nunc
1259 1679 1349 1703 vero
1366 1668 1459 1713 quid

133 1725 205 1759 ego
221 1719 356 1749 contra
374 1714 584 1750 Gaditanos
601 1715 746 1760 loquar,
765 1726 853 1749 cum
871 1715 924 1756 id,
941 1714 1044 1761 quod
1063 1715 1239 1754 defendo,
1256 1716 1459 1750 voluntate

133 1772 280 1802 eorum,
305 1762 547 1803 auctoritate,
572 1762 765 1807 legatione
788 1762 874 1807 ipsa
898 1762 1198 1808 comprobetur?
1227 1763 1294 1808 qui
1319 1774 1341 1797 a
1358 1763 1458 1808 prin-

132 1808 233 1854 cipio
261 1809 322 1844 sui
351 1809 504 1855 generis
533 1813 603 1845 ant
629 1809 762 1844 studio
784 1809 840 1844 rei
864 1809 1038 1855 publicae
1063 1809 1090 1844 ii
1114 1811 1162 1845 ab
1190 1811 1296 1845 omni
1327 1809 1456 1845 studio

133 1867 327 1902 sensuque
367 1857 583 1892 Poenorum
623 1860 773 1892 mentes
816 1868 906 1892 suas
947 1857 996 1892 ad
1037 1864 1213 1892 nostrum
1254 1857 1459 1903 imperium

133 1915 351 1950 nomenque
367 1904 574 1945 flexerunt3
601 1904 679 1950 qui,
692 1916 780 1939 cum
793 1905 959 1939 maxima
970 1904 1072 1939 bella
1086 1905 1196 1940 nobis
1211 1905 1458 1945 inferrentur,

133 1962 198 1986 eos
237 1963 259 1986 a
291 1951 434 2005 quibus
464 1951 714 1992 inferrentur,
745 1952 947 1987 moenibus
974 1952 1234 1994 excluserunt,
1268 1952 1458 1987 classibus

132 1998 303 2033 insecuti
329 2003 432 2040 sunt,
457 1999 694 2044 coip01ibus,
719 1999 869 2044 opibus,
895 1999 1015 2044 copiis
1041 1999 1295 2044 depulerunt;
1329 2000 1396 2045 qui
1421 2005 1459 2034 et

131 2052 301 2081 veterem
318 2046 424 2081 illam
449 2046 615 2091 speciem
640 2046 804 2082 foederis
831 2047 1019 2082 Marciani
1045 2058 1196 2092 semper
1221 2047 1326 2082 omni
1351 2058 1457 2081 sanc-

131 2093 270 2128 tiorem
288 2105 355 2128 ara
370 2093 566 2128 duxerunt
584 2098 622 2129 et
639 2094 709 2129 hoc
726 2093 879 2129 foedere
898 2094 1030 2129 Catuli
1049 2099 1282 2140 senatusque
1295 2094 1458 2129 auctori·

132 2144 214 2175 tate
231 2152 272 2176 se
289 2140 488 2176 nobiscum
506 2141 840 2176 coniunctissimos
857 2153 941 2176 esse
959 2141 1136 2176 arbitrati
1155 2148 1268 2184 sunt;
1293 2152 1458 2187 quorum

132 2187 295 2229 moenia,
328 2188 499 2229 delubra,
533 2199 646 2234 agros
680 2193 726 2224 ut
767 2188 955 2223 Hercules
990 2189 1174 2224 itinerum
1207 2200 1251 2224 ac
1283 2188 1459 2223 laborum

133 2246 304 2277 suorum,
323 2235 377 2270 sic
394 2235 557 2271 maiores
576 2237 701 2271 nostri
718 2236 868 2281 imperii
885 2248 928 2271 ac
946 2237 1111 2271 nominis
1137 2236 1270 2282 populi
1295 2235 1458 2270 Romani

131 2282 319 2318 terminos
345 2294 429 2318 esse
458 2283 675 2318 voluerunt.
724 2284 781 2318 40
807 2283 1019 2319 Testantur
1043 2289 1082 2318 et
1106 2290 1279 2318 moituos
1304 2289 1457 2318 nostros

131 2329 396 2376 imperatores,
430 2342 594 2376 quoium
635 2330 734 2366 vivit
768 2331 984 2366 inmoitalis
1026 2331 1208 2365 memoria
1245 2337 1282 2365 et
1324 2329 1457 2376 gloria,

135 2375 348 2423 Scipiones,
365 2377 522 2418 Brutos,
540 2377 736 2417 Horatios,
755 2377 922 2418 Cassios,
940 2378 1131 2418 Metellos,
1159 2385 1195 2413 et
1223 2378 1326 2412 hunc
1352 2389 1457 2422 prae-
