1674 2672
256 208 306 246 24
709 216 844 244 emmo
874 215 944 242 PRO
974 215 1104 242 BALBO.

256 309 411 343 civitate
428 308 602 348 donatus,
628 308 667 341 in
689 307 872 342 iudicium
897 310 956 341 est
981 306 1167 340 vocatus?
1215 306 1314 340 Nam
1343 305 1563 350 Spoletinus

256 356 297 389 T.
325 355 530 390 Matrinius
555 366 654 388 unus
680 366 725 388 ex
749 354 809 394 iis,
834 365 926 399 qnos
954 353 995 388 C.
1021 353 1165 387 Marius
1194 353 1348 387 civitate
1371 353 1562 393 donasset,

257 403 353 436 dixit
379 413 531 436 eausam
560 413 605 435 ex
633 400 778 435 colonia
805 400 944 434 Latina
970 401 1009 434 in
1036 400 1169 444 primis
1195 400 1304 433 firma
1329 403 1367 434 et
1393 399 1562 435 inlustri.

257 448 378 492 Quem
410 460 496 482 cum
521 448 688 482 disertus
713 447 826 482 homo
851 447 893 481 L.
917 446 1113 481 Antistius
1137 449 1345 486 accusaret,
1363 458 1440 480 non
1465 446 1564 482 dixit

254 496 417 529 fundum
437 494 675 540 Spoletinum
690 494 876 539 populum
907 505 984 528 non
1001 505 1085 528 esse
1105 492 1251 527 factum
1269 493 1437 536 (videbat
1460 493 1563 528 enim

255 542 416 587 populos
441 542 487 576 de
517 552 586 575 suo
614 541 708 582 iure,
724 553 801 575 non
830 540 876 574 de
892 544 1024 575 nostro
1050 540 1192 574 fundos
1221 540 1303 574 fieri
1331 539 1464 582 solere)
1483 539 1562 580 sed,

256 601 344 623 cum
372 589 457 633 lege
479 587 644 631 Apuleia
676 587 843 622 coloniae
879 599 955 621 non
988 591 1119 621 essent
1145 586 1340 627 deductae,
1373 598 1449 632 qua
1478 587 1564 631 lege

259 635 492 670 Saturninus
511 633 550 668 C.
577 634 697 669 Mario
726 635 880 674 tulerat,
905 638 950 668 ut
978 633 1018 667 in
1045 633 1216 679 singulas
1243 633 1410 668 colonias
1433 636 1563 668 ternos

255 683 358 716 cives
384 681 574 716 Romanos
591 681 714 715 facere
738 685 880 726 posset,
896 680 1061 725 negabat
1086 680 1156 714 hoc
1173 680 1401 714 beneficium
1416 692 1458 714 re
1482 679 1565 725 ipsa

257 729 408 763 sublata
439 728 565 763 valere
600 728 746 762 debere.
810 728 867 761 49.
892 727 1001 761 Nihil
1033 727 1148 761 habet
1189 726 1450 761 similitudinis
1490 727 1566 762 ista

255 774 470 810 accusatio:
514 774 580 808 sed
604 779 732 809 tamen
765 778 873 808 tanta
897 775 1108 808 auotoritas
1133 774 1172 807 in
1200 773 1240 808 C.
1267 773 1388 808 Mario
1411 773 1501 814 fuit,
1518 777 1565 808 ut

232 834 332 856 rnon
364 833 432 867 per
468 821 510 855 L.
537 821 731 861 Crassum,
764 820 928 855 adfinem
953 832 1078 860 suum,
1119 820 1311 855 hominem
1349 820 1571 854 incredibili-

256 868 484 913 eloquentia,
502 868 569 902 sed
594 868 725 913 paucis
750 867 832 913 ipse
851 868 976 902 verbis
1001 879 1154 902 causam
1171 867 1274 901 illam
1291 867 1480 912 gravitate
1497 878 1567 902 sua

256 915 470 950 defenderit
488 919 527 949 et
543 914 724 959 probarit.
775 914 867 957 Quis
893 914 995 948 enim
1013 919 1124 954 esset,
1142 914 1297 954 iudices,
1322 914 1390 959 qui
1405 914 1566 959 impera-

256 962 402 996 toribus
418 961 560 996 nostris
578 962 619 995 in
643 961 752 1001 bello,
770 961 810 995 in
827 961 918 1001 acie,
936 961 974 994 in
993 961 1162 996 exercitu
1180 961 1373 995 delectum
1395 961 1566 1002 virtutis,

256 1009 322 1054 qui
355 1009 478 1048 sociis,
513 1008 579 1053 qui
606 1007 811 1042 foederatis
846 1008 885 1042 in
921 1007 1160 1042 defendenda
1184 1019 1224 1042 re
1259 1008 1411 1052 publica,
1435 1011 1566 1042 nostra

257 1067 364 1100 spem
390 1055 643 1099 praemiorum
668 1055 763 1099 eripi
786 1054 929 1089 vellet?
980 1054 1124 1098 Quodsi
1151 1054 1284 1089 vultus
1316 1054 1357 1089 C.
1389 1054 1499 1095 Mari,
1533 1055 1566 1089 si

256 1113 340 1143 vox,
357 1102 389 1136 si
406 1102 468 1136 ille
490 1102 758 1146 imperatorius
787 1101 901 1135 ardor
913 1101 1121 1140 oculorum,
1137 1101 1169 1136 si
1182 1106 1353 1136 recentes
1365 1101 1567 1147 triumphi,

256 1149 290 1183 si
322 1160 500 1193 praeseus
526 1149 647 1182 valuit
686 1152 876 1193 aspectus.
918 1149 1042 1182 valeat
1075 1148 1295 1188 auctoritas,
1320 1148 1472 1183 valeant
1503 1159 1566 1183 res

258 1200 402 1240 gestae,
439 1195 564 1230 valeat
589 1196 781 1236 memoria,
815 1195 940 1229 valeat
965 1195 1167 1229 fortissimi
1201 1199 1241 1229 et
1266 1195 1471 1229 clarissimi
1493 1195 1568 1230 viri

256 1254 396 1276 nomen
427 1246 636 1277 aeternum.
696 1241 755 1276 Sit
781 1242 850 1276 hoc
885 1242 1090 1276 discrimen
1124 1242 1226 1275 inter
1251 1242 1439 1286 gratiosos
1472 1241 1566 1276 civis

257 1294 372 1334 atque
396 1288 519 1327 fortis,
545 1293 590 1323 ut
614 1288 671 1322 illi
695 1288 774 1322 vivi
798 1289 977 1323 fruantur
1004 1289 1140 1334 opibus
1171 1289 1264 1328 suis,
1294 1289 1430 1322 horum
1453 1289 1568 1323 etiam

258 1341 507 1375 mortuorum,
527 1335 559 1368 si
584 1335 785 1380 quisquam
801 1336 916 1370 huius
942 1335 1091 1380 imperii
1115 1335 1292 1370 defensor
1315 1336 1408 1370 mori
1427 1339 1568 1381 potest,

258 1383 365 1416 vivat
392 1382 602 1416 auctoritas
639 1382 875 1417 immortalis,
939 1382 1071 1416 XXII.
1098 1382 1153 1416 50.
1181 1381 1314 1426 Quid?
1363 1382 1432 1417 Cn.
1459 1382 1568 1417 Pom-

259 1429 366 1473 peius
396 1432 508 1473 pater
535 1429 651 1463 rebus
676 1429 810 1463 Italico
833 1429 932 1463 bello
956 1430 1128 1464 maximis
1157 1429 1280 1474 gestis
1309 1428 1351 1463 P.
1379 1429 1567 1468 Caesium,

258 1476 428 1520 equitem
460 1475 683 1515 Romanum,
717 1476 843 1510 virum
877 1476 1031 1517 bonum,
1063 1476 1130 1522 qui
1166 1476 1274 1517 vivit,
1306 1475 1570 1511 Ravennatem

259 1522 453 1557 foederato
470 1534 514 1556 ex
544 1523 681 1567 populo
705 1534 830 1557 nonne
859 1523 1015 1557 civitate
1044 1522 1228 1558 donavit?
1254 1522 1376 1568 quid?
1400 1523 1568 1557 cohortis

260 1569 357 1603 duas
375 1569 571 1603 universas
596 1569 832 1604 Camertium
850 1570 890 1604 C.
909 1570 1058 1604 Marius
1074 1570 1090 1605 Ρ
1116 1569 1234 1615 quid?
1283 1569 1569 1604 Heracliensem

260 1616 419 1650 Alexam
445 1615 484 1649 P.
517 1615 690 1655 Crassus,
707 1616 767 1650 vir
791 1617 1063 1662 amplissimus,
1081 1629 1126 1651 ex
1152 1628 1195 1651 ea
1219 1616 1387 1657 civitate,
1405 1628 1568 1662 quacum

260 1673 378 1707 prope
397 1662 590 1705 singulare
606 1662 741 1697 foedus
758 1663 896 1708 Pyrrhi
914 1664 1148 1708 temporibus
1168 1663 1207 1698 C.
1223 1663 1397 1698 Fabricio
1413 1663 1569 1698 consule

260 1709 378 1743 ictum
403 1708 590 1754 putatur?
628 1709 750 1754 quid?
801 1710 1079 1745 Massiliensem
1111 1710 1335 1745 Aristonem
1358 1710 1401 1745 L.
1429 1710 1567 1746 Sulla?

260 1755 383 1800 quid?
425 1756 606 1801 quoniam
630 1757 677 1790 de
719 1756 920 1791 Gaditanis
956 1757 1118 1802 agimus,
1143 1758 1280 1800 idem†
1319 1769 1403 1792 eros
1431 1769 1570 1792 novem

263 1802 500 1837 Gaditanos?
535 1803 656 1847 quid?
694 1803 752 1837 vir
782 1804 1048 1838 sanctissimus
1075 1812 1113 1839 et
1139 1815 1287 1838 summa
1312 1804 1497 1849 religione
1526 1816 1570 1839 ac
1613 1819 1616 1822 ’

261 1849 458 1889 modestia,
477 1848 518 1892 Q.
538 1849 718 1884 Metellus
749 1850 853 1891 Pius,
878 1850 919 1894 Q.
948 1851 1109 1885 Fabium
1136 1850 1422 1894 Saguntinum?
1448 1851 1571 1896 quid?

261 1895 334 1936 hic,
347 1896 412 1941 qui
429 1896 549 1935 adest,
564 1908 586 1930 a
602 1908 677 1941 quo
689 1897 792 1938 haec,
804 1909 900 1943 quae
912 1898 982 1943 e'go
994 1910 1098 1932 nunc
1116 1909 1307 1943 percurro,
1321 1898 1571 1943 suptilissime

262 1947 354 1976 sunt
380 1943 506 1976 omnia
534 1944 735 1988 perpolita,
761 1944 812 1978 M.
844 1944 1019 1985 Crassus,
1046 1956 1120 1979 non
1150 1944 1421 1981 Avennensem
1446 1944 1570 1980 foede-

261 1994 389 2024 ratum
428 1989 581 2024 civitate
623 1990 792 2030 donavit,
815 1991 928 2026 homo
962 2003 1049 2025 cum
1075 1992 1264 2036 gravitate
1297 1996 1337 2027 et
1369 1991 1572 2037 prudentia

261 2039 471 2080 praestans,
512 2042 597 2071 tum
628 2037 688 2071 vel
718 2038 881 2072 nimium
913 2049 1050 2083 parcus
1086 2040 1124 2073 in
1164 2039 1362 2085 largienda
1385 2038 1570 2073 civitate?

262 2083 318 2117 51.
355 2082 430 2116 Hic
459 2087 505 2116 tu
535 2082 602 2117 Cn.
643 2084 797 2128 Pompei
825 2085 1049 2119 beneficium
1080 2086 1141 2120 vel
1170 2088 1298 2131 potius
1321 2085 1505 2120 iudicium
1533 2091 1572 2119 et

261 2129 407 2163 factum
433 2129 627 2164 infirmare
651 2131 812 2170 conaris,
839 2132 905 2176 qui
934 2131 1035 2173 fecit,
1054 2133 1155 2178 quod
1173 2132 1214 2168 C.
1241 2133 1408 2168 Marium
1433 2131 1572 2166 fecisse
1600 2136 1603 2138 ’

260 2176 447 2215 andierat,
472 2175 573 2217 fecit,
600 2177 701 2221 quod
726 2177 767 2211 P.
795 2177 987 2219 Crassum,
1017 2180 1118 2224 quod
1146 2179 1188 2214 L.
1217 2179 1374 2220 Sullam,
1399 2179 1502 2224 quod
1528 2178 1570 2222 Q.

262 2223 473 2263 Metellum,
490 2223 593 2267 quod
618 2223 668 2257 M.
689 2223 883 2265 Crassum,
901 2226 1003 2269 quod
1028 2226 1192 2271 denique
1217 2226 1468 2261 domesticum
1484 2237 1571 2259 auc-

262 2274 385 2303 torem
410 2274 560 2315 patrem
586 2281 698 2304 suum
723 2270 846 2306 facere
872 2272 1052 2307 viderat?
1101 2273 1235 2319 Neque
1262 2285 1350 2308 vero
1367 2273 1407 2307 id
1431 2273 1472 2306 in
1495 2283 1572 2306 uno

263 2315 437 2350 Cornelio
452 2316 555 2350 fecit.
603 2316 705 2351 Nam
721 2324 759 2351 et
778 2318 1011 2353 Gaditanum
1030 2320 1312 2355 Hasdrubalem
1329 2331 1374 2354 ex
1390 2319 1490 2354 bello
1507 2319 1573 2353 illo

263 2363 447 2398 Africano
485 2368 523 2398 et
557 2363 806 2399 Mamertinos
841 2365 959 2401 Ovios
996 2370 1033 2401 et
1071 2367 1255 2411 quosdam
1294 2367 1499 2402 Uticenses
1535 2370 1573 2400 et
