1674 2672
472 503 543 552 Μ.
582 504 795 552 TULLI
844 504 1213 554 CICERONIS

237 619 370 681 PRO
418 619 472 680 L.
519 619 861 682 CORNELIO
909 621 1135 684 BALBO
1183 621 1450 686 ORATIO.

747 772 932 789 —000—-

216 876 248 912 I.
283 877 316 911 1.
347 875 389 912 Si
406 877 661 912 auctoritates
687 880 941 922 patronorum
968 877 1004 911 in
1033 878 1187 913 iudiciis
1205 877 1332 914 valere
1355 880 1507 923 debent,

167 923 217 960 ab
241 924 493 970 amplissimis
520 924 612 959 viris
632 924 674 958 L.
694 923 851 959 Corneli
876 936 994 959 causa
1020 925 1179 960 defensa
1203 930 1277 967 est,
1304 927 1335 961 si
1360 938 1467 970 uSUS,
1486 941 1508 964 a

169 971 430 1016 peritissimis,
465 972 498 1006 si
533 972 700 1017 ingenia,
738 972 1168 1018 311,0101ῑ]110111;133111113,
1208 973 1242 1008 si
1285 974 1426 1016 studia,
1459 977 1506 1011 ab

167 1019 479 1054 1111110133ίωὶ9οῢ
507 1031 593 1054 011111
621 1019 816 1054 beneficiis
843 1031 931 1054 cum
958 1019 1001 1054 L.
1022 1020 1212 1062 Cornelio,
1229 1025 1313 1055 tum
1339 1023 1506 1059 maxima

167 1065 434 1102 familiaritate
476 1067 705 1102 coniunctis.
774 1066 881 1111 Quae
917 1072 1009 1102 sunt
1043 1068 1168 1113 igitur
1200 1080 1307 1103 meae
1338 1071 1505 1114 partes?

168 1112 430 1150 Auctoritatis
455 1118 600 1155 tantae,
624 1118 810 1160 quantam
836 1127 905 1150 vos
932 1115 972 1149 in
997 1127 1057 1150 me
1083 1127 1168 1151 esse
1192 1115 1383 1158 voluistis,
1409 1129 1504 1154 usus

170 1161 386 1203 mediocris,
416 1162 564 1207 ingenii
592 1162 752 1196 minime
783 1162 976 1197 voluntati
1005 1163 1120 1208 paris.
1178 1162 1281 1198 Nam
1308 1165 1459 1207 ceteris,
1484 1178 1507 1201 a

166 1209 309 1255 quibus
350 1217 410 1244 est.
452 1209 649 1249 defensus,
683 1209 786 1244 hunc
824 1209 963 1244 debere
1005 1210 1217 1255 plurimum
1250 1211 1391 1254 vide03
1433 1225 1506 1259 ego

167 1262 358 1302 quantum
377 1257 411 1292 ei
430 1257 601 1297 debeam,
620 1257 810 1298 3110100ος
839 1257 890 1297 (2)
908 1257 1098 1303 principio
1112 1258 1296 1293 orationis
1307 1258 1380 1294 hoc
1390 1271 1505 1306 pono,

166 1315 228 1338 me
257 1304 450 1345 omnibus,
479 1304 543 1350 qui
574 1304 688 1339 amici
717 1304 864 1339 fuerint
892 1305 1010 1340 saluti
1039 1310 1078 1340 et
1108 1305 1296 1351 dignitati
1324 1318 1444 1349 meae,
1472 1308 1505 1343 si

166 1351 296 1386 minus
313 1351 517 1387 referenda
535 1352 662 1395 gratia
688 1351 783 1386 satis
809 1352 937 1387 facere
962 1353 1168 1398 potuerim,
1185 1353 1441 1396 praedicanda
1465 1360 1503 1391 et

166 1397 345 1434 habenda
361 1404 465 1434 certe
485 1400 581 1434 satis
601 1411 686 1434 esse
704 1399 906 1434 facturum.
959 1399 1064 1444 Quae
1089 1400 1208 1436 fuerit
1233 1400 1417 1437 hesterno
1441 1403 1504 1439 die

167 1445 237 1482 Cn.
256 1446 416 1492 Pompei
445 1447 617 1492 gravitas
642 1446 684 1480 in
710 1447 883 1488 dicendo,
909 1447 1069 1487 iudices,
1088 1459 1185 1494 quae
1202 1448 1381 1490 facultas,
1406 1461 1503 1495 quae

165 1493 284 1539 copia,
303 1506 379 1529 non
397 1494 576 1540 opinione
594 1494 715 1529 tacita
733 1501 951 1529 vestrorum
968 1495 1198 1537 animorum,
1215 1496 1281 1531 sed
1298 1498 1504 1543 perspicua

164 1541 421 1577 admiratione
439 1542 625 1576 declarari
644 1542 860 1577 videbatur.
910 1542 1020 1577 Nihil
1038 1543 1140 1577 enim
1158 1554 1341 1589 umquam
1360 1544 1503 1587 audivi,

164 1589 268 1635 quod
294 1589 390 1624 mihi
425 1589 473 1624 de
505 1589 588 1623 iure
623 1589 807 1624 subtilius
843 1590 918 1624 dici
950 1590 1162 1632 videretur,
1188 1591 1287 1625 nihil
1319 1593 1503 1628 memoria

164 1636 308 1672 maiore
339 1637 385 1672 de
422 1637 621 1682 exemplis,
647 1636 743 1671 nihil
778 1637 944 1682 peritius
978 1637 1025 1672 de
1058 1638 1290 1680 foederibus,
1319 1639 1417 1674 nihil
1446 1640 1502 1675 in-

163 1683 346 1719 lustriore
363 1684 592 1719 auctoritate
612 1684 658 1719 de
678 1684 799 1725 bellis,
814 1684 913 1718 nihil
931 1684 978 1719 de
995 1697 1035 1718 re
1048 1685 1202 1730 publica
1220 1686 1388 1732 gravius,
1406 1687 1502 1722 nihil

163 1731 212 1766 de
237 1731 323 1776 ipso
348 1732 577 1772 modestius,
596 1731 692 1766 nihil
720 1732 767 1766 de
792 1743 909 1767 031133
933 1737 972 1767 et
1000 1733 1161 1767 crimine
1181 1734 1370 1775 ornatius,
1390 1734 1439 1777 (3)
1459 1740 1504 1770 ut

163 1778 259 1813 mihi
277 1779 353 1814 iam
372 1791 508 1814 verum
529 1779 707 1814 videatur
725 1779 820 1813 illud
839 1791 935 1819 esse,
955 1780 1057 1825 quod
1074 1792 1152 1814 non
1169 1781 1268 1814 nulli
1287 1781 1433 1816 litteris
1460 1794 1503 1817 ac

164 1826 305 1861 studiis
346 1826 544 1862 doctrinae
587 1826 711 1861 dediti
752 1827 864 1871 quasi
897 1827 1082 1872 quiddam
1117 1828 1342 1863 incredibile
1376 1829 1502 1865 dicere

162 1874 413 1919 putabantur,
432 1874 478 1915 ei,
496 1874 563 1920 qui
582 1886 715 1909 omnes
742 1874 872 1909 animo
889 1875 1055 1909 virtutes
1075 1875 1233 1920 penitus
1252 1876 1502 1921 comprehen-

163 1920 297 1962 disset,
316 1922 454 1963 omnia,
473 1933 571 1967 quae
597 1921 755 1961 faceret,
782 1926 887 1957 recte
913 1933 953 1956 se
979 1922 1080 1957 dare.
1133 1922 1239 1966 Quae
1263 1923 1366 1958 enim
1391 1924 1431 1958 in
1457 1924 1500 1959 L.

161 1967 303 2004 Crasso
321 1970 462 2015 potuit,
487 1969 641 2004 homine
666 1973 758 2004 nato
786 1969 835 2004 ad
862 1969 1014 2004 dicendi
1041 1970 1279 2015 singularem
1303 1971 1501 2017 quandam

161 2016 397 2056 facultatem,
414 2017 445 2052 si
460 2017 557 2052 hanc
576 2028 731 2051 causam
745 2022 889 2061 ageret,
905 2017 1026 2051 maior
1039 2029 1125 2052 esse
1139 2018 1310 2060 ubertas,
1321 2019 1500 2061 varietas,

113 2062 119 2065 ’
162 2064 282 2109 copia,
298 2075 416 2109 quam
432 2064 509 2099 fuit
526 2065 567 2098 in
585 2075 640 2105 eo,
655 2064 724 2110 qui
742 2067 896 2099 tantum
912 2065 1041 2109 potuit
1058 2065 1243 2110 inpertire
1260 2065 1350 2100 huic
1369 2066 1500 2102 studio

160 2112 361 2156 temporis,
379 2117 569 2158 quantum
595 2112 678 2157 ipse
704 2124 726 2146 a
752 2112 923 2157 pueritia
946 2123 1068 2158 usque
1093 2112 1141 2147 ad
1168 2112 1267 2148 hanc
1285 2118 1452 2148 aetatem
1477 2126 1500 2149 a

161 2158 356 2194 continuis
374 2159 485 2195 bellis
500 2164 538 2194 et
551 2159 727 2194 victoriis
745 2159 993 2205 conquievit?
1035 2160 1068 2193 4.
1094 2159 1177 2203 Quo
1195 2160 1292 2194 mihi
1309 2160 1500 2197 difficilior

161 2210 223 2241 est
239 2205 301 2241 hic
319 2212 515 2242 extremus
530 2206 736 2252 perorandi
754 2207 874 2241 100113.
918 2206 1072 2241 Etenim
1089 2208 1124 2242 ei
1144 2207 1306 2242 succedo
1323 2208 1498 2250 orationi,

161 2263 260 2299 quae
277 2265 353 2289 non
368 2258 636 2299 praetervecta
653 2254 704 2289 sit
722 2265 834 2288 aures
852 2260 1013 2295 vestras,
1029 2254 1095 2289 sed
1113 2255 1153 2288 in
1172 2255 1310 2290 animis
1324 2256 1498 2290 omnium

159 2301 319 2346 penitus
353 2301 553 2343 insederit,
581 2306 625 2336 ut
659 2302 746 2346 plus
777 2301 990 2346 voluptatis
1020 2313 1064 2336 cx
1094 2302 1358 2337 recordatione
1392 2302 1496 2338 illius

160 2348 347 2387 errationis
373 2360 490 2394 quam
517 2361 593 2384 non
621 2348 736 2384 modo
754 2360 799 2383 ex
816 2360 913 2389 mea,
934 2349 1000 2383 sed
1020 2361 1064 2383 ex
1083 2349 1310 2395 cuiusquam
1326 2350 1498 2386 oratione

159 2406 298 2441 capere
311 2396 485 2442 possitis.
526 2395 582 2431 II.
604 2395 680 2432 Sed
694 2407 776 2431 mos
796 2402 855 2431 cst
874 2396 1071 2442 gerundus
1086 2407 1163 2431 non
1177 2396 1290 2432 modo
1306 2395 1497 2463 901110Ιὶ0,
