1674 2672
617 248 799 276 SECTIONS
827 236 970 274 4—12.
1400 233 1449 272 13

125 341 360 387 Pompeium,
389 341 490 387 quod
519 341 554 375 ei
581 340 708 375 facere
742 350 818 374 non
850 338 1022 381 licuerit3
1061 337 1165 384 quod
1193 336 1349 383 gravius
1378 339 1449 377 est,

125 401 239 436 quam
258 389 291 424 si
307 389 348 423 id
364 387 511 423 factum
537 387 585 422 ab
611 399 655 422 eo
683 387 837 426 diceret,
855 386 959 432 quod
974 397 1053 421 non
1080 385 1326 432 oportuisset.
1377 384 1450 419 Est

125 437 226 473 enim
244 435 400 482 aliquid,
417 435 521 481 quod
536 446 613 470 nou
631 439 816 480 oporteat,
834 433 988 468 etiamsi
1012 433 1104 468 licet
1119 447 1127 474 ;
1153 431 1336 479 quicquid
1359 442 1450 466 vero

125 496 202 520 non
218 484 319 524 licet,
337 490 441 518 certe
459 493 535 516 non
552 486 714 527 oportet.

174 530 243 566 IV.
269 530 345 565 Hic
373 541 443 574 ego
471 541 575 564 nunc
601 533 759 564 cuncter
777 528 831 563 sic
855 539 978 573 agere,
996 527 1151 568 iudices,
1179 538 1256 561 non
1281 537 1366 561 esse
1391 524 1450 560 fas

125 577 306 619 dubitari,
336 577 440 622 quin,
465 576 569 622 quod
594 575 664 611 Cn.
688 575 913 620 Pompeium
943 575 1080 610 fecisse
1109 579 1270 615 constet,
1303 573 1344 608 id
1372 583 1451 607 non

128 626 252 662 solum
269 625 436 665 licuisse,
455 623 523 658 sed
551 623 667 658 etiam
692 623 866 658 decuisse
891 621 1112 657 fateamur?
1161 622 1193 657 9.
1221 620 1322 666 Quid
1345 619 1451 655 enim

126 674 236 709 abest
263 672 354 706 huic
382 671 540 711 homini,
568 671 671 715 quod
699 670 732 705 si
759 669 924 711 adesset,
953 670 1036 704 iure
1072 669 1166 704 haec
1192 668 1227 703 ei
1255 668 1375 703 tribui
1411 671 1452 702 et

125 720 284 756 concedi
299 717 559 764 putaremus?
608 717 762 753 Ususne
779 716 938 752 rerum?
989 716 1063 761 Qui
1088 715 1275 762 pueritiae
1298 719 1453 760 tempus

126 771 340 804 extremum
378 765 611 811 principium
646 764 783 799 habuit
819 764 1004 799 bellorum
1045 768 1163 809 atque
1202 762 1452 808 imperiorum

127 814 394 854 maximorum,
429 813 539 848 cuius
571 812 744 858 plerique
784 811 963 857 aequales
1005 811 1134 845 minus
1175 821 1288 855 saepe
1325 813 1453 844 castra

127 862 321 901 viderunt,
348 871 464 906 quam
496 859 558 894 hic
592 859 862 905 triumphavit,
892 859 957 904 qui
986 862 1046 894 tot
1073 857 1189 892 habet
1221 856 1452 902 triumphos,

127 912 220 956 quot
237 919 324 943 orae
342 910 435 942 sunt
452 912 660 953 partesque
679 911 882 946 terrarum,
900 910 957 940 tot
975 905 1156 940 victorias
1177 904 1341 945 bellicas,
1359 908 1454 949 quot

129 960 221 992 sunt
237 956 278 990 iu
294 966 424 990 rerum
440 960 581 989 natura
605 965 747 1000 genera
762 953 960 988 bellorum.
1009 951 1075 986 An
1101 952 1299 996 ingenium
1313 951 1330 986 P
1380 950 1454 986 Cui

127 1004 244 1040 etiam
270 1002 346 1049 ipsi
371 1013 482 1037 casus
510 1007 749 1047 eventusque
775 1012 905 1036 rerum
934 1011 1012 1035 non
1041 999 1169 1040 duces,
1197 999 1263 1033 sed
1292 998 1452 1033 comites

127 1051 375 1087 consiliorum
411 1049 581 1090 fuerunt,
614 1049 654 1082 in
688 1059 763 1094 quo
796 1059 873 1083 uno
905 1047 963 1082 ita
995 1057 1145 1082 summa
1177 1045 1333 1081 fortuna
1365 1056 1454 1080 cum

129 1109 280 1134 summa
295 1097 443 1132 virtute
459 1096 633 1138 certavit,
652 1101 694 1130 ut
712 1095 883 1130 omnium
901 1094 1042 1129 iudicio
1058 1094 1148 1140 plus
1166 1093 1314 1128 homini
1338 1104 1454 1139 quam

127 1146 220 1181 deae
246 1145 496 1180 tribueretur.
545 1143 609 1178 An
635 1143 769 1189 pudor,
793 1155 842 1178 an
870 1142 1088 1186 integritas,
1105 1153 1154 1176 an
1170 1140 1306 1186 religio
1330 1140 1370 1174 in
1397 1151 1453 1182 eo,

127 1205 177 1229 an
187 1192 391 1239 diligentia
401 1202 585 1237 umquam
597 1190 782 1236 requisita
796 1194 855 1224 est
867 1189 883 1225 Ρ
920 1189 1042 1234 Quem
1054 1188 1274 1235 provinciae
1286 1191 1454 1230 nostrae,

128 1251 244 1287 quem
290 1239 404 1274 liberi
450 1238 593 1284 populi,
641 1249 755 1283 quem
795 1248 919 1283 reges,
960 1247 1074 1282 quem
1115 1235 1274 1270 ultimae
1314 1239 1454 1280 gentes

129 1288 342 1327 castiorem,
362 1285 669 1326 moderatiorem,
689 1285 921 1320 sanctiorem
937 1296 1016 1318 non
1044 1283 1156 1318 modo
1173 1282 1367 1323 viderunt,
1389 1281 1456 1317 sed

128 1339 197 1371 aut
215 1334 404 1381 sperando
421 1344 606 1378 umquam
628 1338 696 1367 aut
719 1332 887 1378 optando
912 1330 1210 1376 cogitaverunt?
1269 1330 1326 1364 10.
1352 1328 1456 1373 Quid

128 1382 254 1418 dicam
279 1381 327 1416 de
352 1379 614 1416 auctoritate?
648 1391 744 1426 quae
772 1383 884 1415 tanta
911 1385 981 1419 est,
1007 1383 1152 1424 quanta
1176 1377 1218 1412 in
1243 1376 1306 1412 his
1332 1377 1455 1412 tantis

129 1428 339 1465 virtutibus
364 1440 408 1463 ac
433 1427 612 1462 laudibus
640 1438 724 1462 esse
751 1426 874 1462 debet.
925 1424 997 1461 Cui
1026 1429 1185 1460 senatus
1212 1424 1456 1470 populusque

130 1476 327 1512 Romanus
345 1475 603 1521 amplissimae
617 1474 818 1520 dignitatis
832 1473 1003 1520 praemia
1021 1472 1126 1507 dedit
1139 1484 1216 1507 non
1230 1471 1456 1517 postulanti,

130 1524 291 1570 imperia
322 1534 414 1558 vero
447 1523 566 1558 etiam
597 1521 803 1563 recusanti,
837 1521 954 1556 huius
988 1520 1035 1555 de
1067 1520 1183 1561 facto,
1217 1519 1375 1560 iudices,
1402 1519 1458 1554 ita

131 1571 274 1619 quaeri,
292 1574 338 1606 ut
355 1570 395 1605 id
411 1575 563 1616 agatur,
580 1569 785 1604 licueritne
811 1568 846 1603 ei
871 1567 1009 1609 facere,
1033 1567 1136 1613 quod
1165 1567 1267 1607 fecit,
1291 1578 1341 1601 an
1365 1577 1457 1601 vero

130 1630 208 1654 non
225 1618 350 1654 dicam
376 1629 452 1652 non
476 1617 638 1657 licuerit,
658 1616 725 1652 sed
742 1615 850 1651 nefas
867 1615 986 1650 fuerit
1005 1615 1155 1659 (contra
1179 1614 1314 1649 foedus
1340 1614 1456 1655 enim,

131 1666 172 1702 id
205 1671 265 1701 est
299 1671 432 1701 contra
468 1664 601 1710 populi
630 1664 795 1698 Romani
823 1663 1050 1709 religionem
1083 1665 1124 1697 et
1157 1661 1285 1702 fidem,
1319 1660 1458 1696 fecisse

131 1713 303 1756 dicitur),
365 1724 442 1747 non
497 1717 609 1757 turpe
662 1711 802 1757 populo
858 1710 1042 1751 Romano,
1097 1708 1261 1754 n0n[ne]
1313 1707 1456 1744 vobis?

131 1761 182 1797 V.
216 1761 272 1796 11.
299 1759 445 1794 Audivi
476 1759 548 1794 hoc
575 1759 623 1794 de
649 1765 808 1804 parente
837 1770 921 1793 meo
950 1769 1055 1803 puer,
1082 1768 1171 1792 cum
1205 1755 1248 1800 Q.
1275 1755 1458 1790 Metellus

133 1808 176 1844 L.
206 1807 234 1842 f.
262 1818 418 1843 causam
453 1806 501 1841 de
534 1806 709 1851 pecuniis
742 1805 971 1851 repetundis
1005 1805 1160 1846 diceret,
1194 1803 1258 1838 ille
1294 1803 1367 1844 vir,
1396 1802 1459 1838 cui

131 1856 281 1903 patriae
309 1854 413 1890 salus
441 1853 588 1889 dulcior
616 1865 733 1900 quam
761 1857 990 1899 conspectus
1019 1852 1107 1892 fuit,
1134 1851 1200 1897 qui
1225 1851 1272 1885 de
1298 1851 1459 1886 civitate

133 1903 314 1939 decedere
327 1913 441 1948 quam
461 1901 507 1936 de
525 1901 718 1936 sententia
736 1899 990 1935 maluit—hoc
1004 1899 1126 1942 igitur
1137 1910 1291 1933 causam
1307 1898 1458 1933 dicente

133 1962 221 1987 cum
239 1950 362 1996 ipsius
379 1949 532 1984 tabulae
549 1947 887 1983 circumferrentur
904 1946 1132 1992 inspiciendi
1150 1946 1314 1981 nominis
1333 1957 1458 1986 causa,

132 1998 256 2033 fuisse
284 1996 449 2032 iudicem
475 2007 519 2030 ex
548 1996 626 2030 illis
655 1995 852 2040 equitibus
884 1994 1068 2029 Romanis
1098 1993 1338 2037 gravissimis
1364 1992 1458 2027 viris

133 2045 337 2084 neminem,
369 2044 462 2090 quin
489 2047 702 2078 removeret
731 2042 859 2077 oculos
888 2046 926 2076 et
958 2054 998 2077 se
1026 2046 1155 2076 totum
1184 2043 1388 2080 averteret,
1411 2050 1460 2074 ne

133 2092 246 2134 forte,
279 2091 382 2137 quod
414 2090 478 2125 ille
518 2091 559 2124 in
591 2090 743 2124 tabulas
786 2090 956 2134 publicas
999 2089 1213 2129 retulisset,
1256 2088 1458 2123 dubitasse

161 2140 351 2186 ffisquam,
386 2149 569 2172 verumne
602 2150 651 2172 an
683 2137 826 2172 falsum
865 2142 978 2177 esset,
1015 2136 1236 2176 videretur;
1279 2147 1349 2169 nos
1388 2134 1458 2169 Cn.

135 2151 292 2233 {ompei
309 2186 504 2221 decretum
531 2184 749 2229 [iudicium]
778 2184 824 2219 de
849 2184 999 2219 consilii
1026 2183 1217 2218 sententia
1235 2181 1459 2228 pronuntia-

135 2238 222 2270 tum
239 2244 567 2278 recognoscemus,
582 2244 668 2267 cum
688 2232 838 2275 legibus
856 2232 1105 2271 conferemus,
1123 2242 1208 2265 cum
1227 2229 1459 2273 foederibus,

136 2282 263 2318 omnia
301 2280 547 2316 acerbissima
588 2279 786 2325 diligvntia
827 2277 1142 2324 perpendemus?
1202 2278 1256 2311 12.
1291 2276 1458 2311 Athenis

135 2329 246 2365 aiunt
263 2340 351 2363 cum
369 2327 536 2374 quidam.
554 2327 655 2372 apud
682 2339 745 2360 eos
772 2327 836 2372 qui
863 2333 993 2361 sanvte
1018 2325 1261 2370 graviterque
1286 2324 1459 2365 vixisset,

135 2376 399 2412 testinnonium
437 2374 590 2420 publice
631 2374 791 2408 dixisset
827 2384 874 2414 ev,
909 2379 953 2408 ut
989 2385 1069 2407 nuos
1113 2372 1342 2407 Graecorum
1385 2374 1459 2412 est,

137 2423 289 2459 iurandi
314 2434 427 2458 causa
443 2422 490 2457 ad
508 2434 595 2457 aras
619 2421 826 2462 accederet,
846 2433 921 2456 una
949 2432 1038 2455 voce
1063 2432 1196 2454 omnes
1225 2419 1384 2460 iudices,
1409 2429 1459 2453 ne

792 2478 813 2502 Β
