1674 2672
238 192 286 230 26
701 200 839 228 CICERO
869 200 939 227 PRO
969 199 1102 227 BALBO·

239 293 457 339 gravissimi
484 298 521 327 et
551 292 824 345 sapientissimi
843 292 946 326 cives
971 291 1067 326 hanc
1095 291 1253 331 Latinis,
1271 291 1311 325 id
1340 296 1398 325 est
1426 290 1549 327 foede-

237 341 344 394 ratis,
362 340 463 373 viam
481 339 528 373 ad
551 340 745 374 civitatem
763 339 892 384 populi
917 339 1026 373 iussu
1042 343 1172 383 patere
1189 339 1293 383 passi
1320 342 1411 373 sunt
1427 350 1550 383 neque

238 388 299 422 ius
318 391 376 421 est
401 387 471 420 hoc
490 387 761 430 reprehensum
790 385 938 419 Licinia
954 390 992 419 et
1010 385 1138 419 Mucia
1165 385 1257 429 lege,
1276 396 1363 419 cum
1379 396 1550 438 praeser-

236 434 308 469 tim
323 445 442 477 genus
453 433 580 477 ipsum
597 433 849 467 accusationis
863 439 900 466 et
910 443 1049 466 110111611
1063 436 1101 466 613
1115 432 1196 465 61113
1211 431 1315 465 modi
1325 432 1549 475 praemium,

238 481 338 526 quod
356 491 464 514 nemo
481 480 638 524 adsequi
655 484 785 524 posset
815 479 889 512 nisi
906 490 951 512 ex
978 479 1164 513 senatoris
1183 478 1409 519 calamitate,
1427 490 1551 523 neque

238 526 404 562 senatori
433 537 554 571 neque
582 527 680 560 bono
708 526 887 578 cuiquam
918 526 1033 560 nimis
1062 525 1273 559 iucundum
1299 536 1384 559 6336
1406 529 1549 578 posset,

238 573 492 608 dubitandum
517 572 604 613 fuit,
623 573 726 617 quin,
752 584 826 618 quo
855 573 896 606 in
914 584 1050 617 genere
1077 572 1244 606 iudicum
1276 573 1442 616 praemia
1467 576 1551 607 rata

240 624 380 660 essent,
398 619 438 653 in
456 619 585 653 eodem
602 620 742 654 iudicia
758 620 1033 663 imperatorum
1051 619 1224 653 valerent
1239 618 1254 653 Ρ
1290 618 1393 652 Ν11111
1411 618 1550 653 fundos

238 667 360 712 igitur
385 665 506 701 factos
531 666 689 711 populos
714 666 873 701 Latinos
903 666 1135 700 arbitramur
1160 676 1226 699 aut
1254 664 1439 700 Serviliae
1472 665 1550 709 legi

240 720 307 749 aut
325 713 472 753 ceteris,
490 713 629 758 quibus
647 713 796 747 Latinis
825 713 1041 747 hominibus
1060 716 1141 746 erat
1166 712 1408 757 propositum
1426 712 1551 757 aliqua

240 772 285 795 ex
325 771 366 794 re
390 760 603 802 praemium
637 759 832 794 civitatis?
882 759 936 793 55.
964 759 1193 805 Cognoscite
1223 770 1324 792 nunc
1363 759 1551 793 iudicium

241 811 409 847 senatus,
427 806 527 851 quod
546 818 695 851 semper
710 806 850 840 iudicio
868 812 925 840 est
941 806 1072 851 populi
1089 806 1387 850 comprobatum.
1438 805 1552 840 Sacra

241 853 400 892 Cereris,
417 853 574 893 iudices,
593 865 742 887 summa
765 854 925 887 maiores
943 853 1067 887 nostri
1084 853 1269 897 religione
1285 852 1419 887 confici
1435 852 1551 887 caeri-

239 900 442 945 moniaque
459 900 684 937 Voluerunt:
710 911 806 945 quae
823 911 909 934 cum
937 904 1065 934 essent
1089 899 1292 944 adsumpta
1318 899 1364 933 de
1383 899 1552 940 Graecia,

240 952 279 981 et
312 958 380 992 per
414 946 576 981 Graecas
617 952 751 981 curata
785 951 876 980 sunt
906 958 1056 991 semper
1089 946 1304 981 sacerdotes
1337 950 1377 981 613
1409 946 1553 981 Graeca

239 994 394 1028 omnino
420 993 625 1027 nominata.
677 993 753 1028 Sed
777 1005 863 1028 cum
892 993 1005 1033 illam,
1035 1005 1131 1038 quae
1157 993 1343 1027 Graecum
1371 993 1467 1027 illud
1494 1005 1552 1028 sa-

240 1051 349 1074 crum
377 1044 611 1074 monstraret
645 1045 683 1075 et
716 1040 866 1081 faceret,
896 1051 941 1074 ex
977 1039 1136 1074 Graecia
1165 1040 1389 1084 deligerent,
1421 1043 1552 1074 tamen

242 1098 347 1121 sacra
371 1098 440 1132 pro
456 1086 603 1121 civibus
621 1087 742 1121 civem
772 1087 895 1121 facere
911 1087 1129 1126 voluerunt,
1146 1090 1191 1121 ut
1215 1087 1305 1121 deos
1330 1086 1552 1122 inmortales

242 1134 399 1168 scientia
430 1134 632 1178 peregrina
649 1137 686 1168 et
712 1138 876 1174 externa,
908 1138 1036 1168 mente
1057 1133 1262 1168 domestica
1285 1139 1322 1167 et
1350 1133 1454 1168 civili
1470 1145 1552 1179 pre-

241 1186 400 1215 caretur.
466 1180 547 1214 Has
581 1180 794 1215 sacerdotes
828 1181 939 1215 video
971 1180 1051 1215 fere
1083 1185 1150 1215 aut
1182 1180 1452 1226 Neapolitanas
1486 1185 1553 1215 aut

241 1227 442 1261 Velienses
467 1226 599 1268 fuisse,
625 1226 905 1262 foederatarum
935 1227 1015 1261 sine
1033 1227 1148 1262 dubio
1176 1227 1385 1262 civitatum.
1434 1226 1553 1262 Mitto

240 1280 390 1314 vetera3
424 1274 594 1318 proxime
620 1274 703 1308 dico
729 1279 818 1308 ante
845 1274 1039 1309 civitatem
1069 1273 1316 1309 Veliensibus
1345 1274 1475 1309 datam
1504 1274 1551 1308 de

241 1325 397 1355 senatus
416 1321 608 1354 sententia
639 1320 679 1355 C.
698 1321 898 1356 Valerium
928 1321 1105 1355 Flaccum
1123 1326 1338 1366 praetorem
1363 1320 1552 1355 urbanum

240 1367 465 1402 nominatim
489 1367 538 1401 ad
566 1367 751 1412 populum
777 1368 822 1402 de
853 1367 1078 1413 Calliphana
1105 1367 1296 1409 Veliense,
1313 1371 1358 1402 ut
1385 1379 1429 1402 ea
1456 1368 1552 1402 civis

241 1414 413 1448 Romana
438 1418 551 1454 esset,
576 1414 724 1449 tulisse.
772 1414 878 1449 Num
906 1415 1027 1459 igitur
1055 1418 1123 1448 aut
1156 1414 1296 1449 fundos
1328 1414 1450 1449 factos
1475 1414 1551 1450 Ve-

240 1461 380 1495 lienses
410 1467 476 1494 aut
506 1461 738 1495 sacerdotem
772 1461 876 1496 illam
900 1462 1022 1496 civem
1055 1461 1264 1496 Romanam
1303 1461 1442 1496 factam
1473 1473 1552 1496 non

241 1519 324 1542 esse
351 1511 419 1541 aut
448 1506 580 1541 foedus
611 1511 649 1542 et
677 1519 699 1542 a
726 1513 862 1543 senatu
889 1512 927 1543 et
960 1519 982 1542 a
1006 1509 1145 1554 populo
1170 1508 1340 1543 Romano
1365 1508 1551 1543 violatum

240 1554 498 1589 arbitramur?

285 1600 412 1635 XXV.
437 1600 492 1635 56.
516 1600 715 1646 Intellego,
745 1601 901 1642 iudices,
934 1601 975 1635 in
1013 1613 1127 1637 causa
1159 1605 1291 1647 aperta
1321 1601 1553 1648 minimeque

240 1647 354 1682 dubia
382 1647 503 1682 multo
530 1652 567 1681 et
592 1648 703 1693 plura
729 1652 766 1682 613
796 1661 818 1683 3
846 1648 1023 1693 pluribus
1049 1649 1294 1693 peritissimis
1323 1659 1408 1683 esse
1437 1649 1551 1690 dicta,

242 1706 354 1740 quam
378 1705 438 1728 res
456 1694 680 1747 postularet
731 1695 807 1729 Sed
834 1694 873 1728 id
902 1694 1047 1730 factum
1077 1699 1148 1736 est,
1166 1707 1243 1729 non
1271 1700 1314 1730 ut
1339 1696 1447 1731 vobis
1471 1707 1551 1731 rem

239 1748 320 1776 tam
338 1742 578 1793 perspicuam
596 1741 754 1776 dicendo
771 1742 1029 1787 probaremus,
1046 1754 1180 1777 verum
1197 1746 1241 1777 ut
1259 1743 1428 1777 omnium
1445 1742 1550 1778 mali-

241 1788 424 1828 volorum,
451 1787 681 1833 iniquorum,
710 1789 928 1823 invidorum
956 1790 1104 1823 animos
1130 1790 1415 1833 slangeremus3
1457 1801 1552 1835 quos

240 1838 285 1869 1113
303 1841 502 1869 accusator
526 1835 756 1876 incenderet,
774 1840 818 1870 ut
842 1836 959 1881 aliqui
988 1848 1179 1870 sermones
1197 1836 1395 1870 hominum
1419 1836 1552 1872 alienis

241 1882 350 1916 bonis
375 1882 626 1916 maerentium
645 1883 760 1916 etiam
786 1882 835 1917 ad
852 1887 1000 1918 vestras
1025 1895 1134 1917 aures
1159 1886 1429 1928 permanarent
1458 1888 1495 1918 et
1511 1884 1552 1918 in

240 1928 380 1962 iudicio
404 1928 487 1973 ipso
511 1928 781 1970 redundarent,
798 1929 939 1964 idcirco
955 1930 1020 1964 illa
1048 1930 1087 1963 in
1112 1931 1215 1964 omni
1231 1936 1340 1974 parte
1368 1930 1552 1965 orationis

241 1986 388 2009 summa
404 1979 486 2009 arte
504 1977 655 2020 aspergi
671 1976 869 2016 videbatis,
887 1980 972 2011 tum
996 1977 1198 2022 pecuniam
1215 1976 1257 2010 L.
1276 1976 1437 2018 Corneli,
1455 1988 1552 2022 quae

240 2033 363 2066 neque
392 2021 580 2056 invidiosa
609 2027 666 2057 est
695 2028 744 2064 et,
763 2027 1072 2069 quantacumque
1098 2029 1167 2065 est,
1185 2024 1267 2058 eius
1291 2024 1395 2059 modi
1419 2028 1490 2065 6313,
1508 2029 1552 2059 1113

239 2074 459 2103 conservata
483 2069 607 2113 magis
626 2080 739 2114 quam
757 2077 929 2114 correpta
945 2082 1028 2107 esse
1045 2070 1230 2111 videatur,
1246 2075 1330 2105 tum
1348 2071 1551 2111 luxuriam,

240 2127 335 2160 quae
367 2127 442 2149 non
468 2116 624 2150 crimine
656 2117 781 2161 aliquo
815 2117 999 2158 libidinis,
1034 2118 1100 2152 sed
1128 2118 1319 2152 communi
1346 2117 1552 2153 maledicto

238 2162 456 2203 notabatur,
473 2165 558 2196 tum
588 2163 856 2204 Tusculanum,
875 2165 977 2209 quod
1002 2163 1043 2207 Q.
1062 2164 1208 2210 Metelli
1224 2164 1344 2199 fuisse
1369 2165 1550 2199 memine-

239 2214 300 2243 rat
317 2217 353 2243 et
372 2209 413 2242 L.
434 2209 573 2250 Crassi,
593 2208 774 2244 Crassum
792 2210 926 2245 emisse
938 2211 985 2245 de
1002 2211 1180 2245 libertino
1199 2211 1361 2251 homine,
1382 2210 1550 2246 Soterico

239 2255 392 2296 Marcio,
409 2256 456 2290 ad
474 2256 674 2290 Metellum
692 2257 912 2301 pervenisse
930 2258 976 2292 de
990 2258 1167 2292 Vennoni
1178 2258 1332 2293 Vindici
1348 2258 1457 2292 bonis
1474 2269 1550 2292 non

238 2303 404 2337 tenebat.
472 2302 592 2337 Simul
628 2303 723 2337 illud
768 2305 970 2346 nesciebat,
1005 2305 1247 2350 praediorum
1289 2305 1430 2339 nullam
1467 2315 1551 2339 esse

237 2355 403 2395 gentem,
438 2350 693 2394 emptionibus
726 2362 769 2385 63
812 2351 930 2385 solere
964 2363 1076 2397 saepe
1115 2351 1163 2386 ad
1192 2352 1333 2387 alienos
1366 2351 1550 2393 homines,

1658 1848 1674 1889 A...
1672 1835 1674 1837 .
1659 1690 1674 1825 -1“-δ4,ι..-·
1660 1573 1674 1680 ..ans-'m
1665 1555 1674 1561 .·
1670 1513 1674 1541 n-
1671 1496 1674 1501 .
1667 1470 1674 1483 -=
1657 1384 1674 1447 :Ji-s
1668 1349 1674 1357 .

1646 2235 1674 2672 hau—nmffl-A-—m
1663 2059 1674 2225 *mma-1
1663 1969 1674 2042 -.υ-ο
1671 1950 1674 1951 ,
1670 1931 1674 1935 .
1664 1912 1670 1917 ·-
