1674 2672
611 246 792 275 SECTIONS
825 236 992 275 12—19.
1420 238 1470 275 15

145 339 279 378 teneri,
304 349 417 384 quem
453 339 618 384 populus
655 339 850 374 Romanus
885 338 1072 374 inauditis
1100 339 1310 374 honoribus
1339 340 1470 385 singu-

145 386 368 431 laribusque
386 385 613 426 decorasset,
642 386 673 420 si
700 398 803 422 nunc
831 386 934 432 apud
950 398 1019 421 nos
1039 385 1091 426 id,
1118 386 1219 432 quod
1245 387 1277 421 is
1305 386 1471 429 fecisset,

145 438 278 469 contra
295 433 431 467 foedus
449 432 592 467 factum
606 433 810 474 diceretur,
825 434 912 479 quis
927 432 1104 468 audiret?
1146 433 1268 469 Nemo
1285 434 1471 479 profecto.

146 480 251 515 Mors
279 480 380 515 enim
409 491 497 514 cum
526 480 756 515 extinxisset
787 481 982 521 invidiam,
1009 491 1072 514 rcs
1102 480 1184 515 eius
1213 488 1345 526 gestae
1375 494 1471 517 sem-

143 527 289 573 piterni
307 527 470 562 nominis
490 527 612 572 gloria
629 529 857 562 niterentur.
902 527 1021 562 Cuius
1050 527 1171 571 igitur
1196 528 1329 563 audita
1345 529 1471 564 virtus

144 574 379 610 dubitationi
420 574 544 609 locum
586 586 663 609 non
695 575 816 615 daret,
850 575 965 609 huius
999 574 1084 609 visa
1115 578 1231 621 atque
1271 582 1472 622 perspecta

143 626 447 668 optrectatorum
464 633 556 656 voce
572 622 775 657 laedatur?

191 668 284 704 VII.
320 668 375 704 17.
403 668 593 704 Omittam
634 669 757 713 igitur
790 669 1016 714 Pompeium
1057 669 1133 703 iam
1174 669 1348 705 oratione
1387 681 1473 705 mea

145 716 306 761 reliqua,
336 715 405 751 sed
431 727 512 757 vos,
540 715 698 757 iudices,
727 716 867 751 animis
897 727 942 751 ac
968 717 1153 750 memoria
1181 720 1364 751 tenetote.
1414 716 1470 752 De

145 763 243 808 lege,
277 763 324 798 de
357 763 517 804 foedere,
552 763 598 798 de
640 763 835 809 exemplis,
877 763 924 798 de
963 769 1150 808 perpetua
1190 764 1470 799 consuetudine

145 810 314 846 civitatis
340 814 493 845 nostrae
519 811 711 846 renovabo
741 822 795 850 ea,
824 822 921 855 quae
950 810 1054 845 dicta
1083 814 1185 845 sunt.
1234 811 1342 845 Nihil
1371 811 1471 846 enim

145 857 242 892 mihi
260 859 361 899 novi,
379 857 477 892 nihil
502 857 647 903 integri
672 869 794 904 neque
811 857 864 892 M.
883 857 1060 898 Crassus,
1080 858 1145 903 qui
1163 861 1286 893 totam
1312 870 1471 894 causam

147 909 185 940 et
203 916 272 950 pro
289 904 473 940 facultate
491 908 529 939 et
545 917 616 950 pro
633 905 707 940 fide
727 917 795 940 sua
812 904 1110 951 diligentissime
1128 905 1236 939 vobis
1255 906 1472 951 explicavit,

145 964 269 998 neque
318 952 387 987 Cn.
430 952 647 997 Pompeius,
689 953 799 987 cuius
840 952 963 987 oratio
1011 951 1189 986 omnibus
1234 953 1473 988 ornamentis

146 999 369 1040 abundavit,
388 999 437 1034 ad
453 999 660 1034 dicendum
679 1000 845 1045 reliquit.
899 999 975 1034 Sed
993 999 1173 1045 quoniam
1190 1011 1251 1034 me
1268 1005 1474 1036 recusante

146 1047 290 1093 placuit
315 1047 500 1082 ambobus
525 1047 701 1082 adhiberi
726 1047 829 1082 hunc
846 1058 868 1081 a
885 1058 946 1081 me
963 1046 1074 1092 quasi
1099 1047 1338 1092 perpoliendi
1356 1059 1473 1093 quen-

146 1094 236 1130 dam
268 1095 393 1140 operis
427 1099 643 1129 extremum
677 1094 856 1135 laborem,
886 1098 976 1140 peto
1003 1105 1026 1128 a
1052 1094 1173 1135 vobis,
1204 1098 1248 1129 ut
1275 1106 1335 1129 me
1359 1095 1474 1130 officii

145 1142 278 1188 potius
297 1153 412 1188 quam
430 1141 581 1176 dicendi
600 1142 728 1176 studio
746 1141 845 1176 hanc
863 1141 1079 1186 suscepisse
1097 1153 1253 1195 operam
1269 1154 1312 1177 ac
1330 1154 1473 1177 munus

146 1189 304 1235 putetis.
371 1189 425 1224 18.
461 1188 530 1230 Ac,
564 1189 790 1235 priusquam
832 1189 1034 1234 adgrediar
1066 1188 1115 1223 ad
1147 1188 1208 1223 ius
1245 1201 1475 1236 causamque

147 1236 313 1277 Corneli,
338 1236 520 1282 quiddam
548 1236 595 1271 de
621 1237 814 1271 communi
844 1236 1066 1271 condicione
1095 1235 1267 1271 omnium
1296 1241 1475 1272 nostrum

147 1283 408 1329 deprecandae
442 1284 725 1318 malivolentiae
759 1295 875 1318 causa
903 1283 1072 1319 breviter
1099 1284 1473 1319 commemorandum

149 1331 312 1366 videtur.
365 1331 418 1372 Si,
448 1343 523 1376 quo
550 1331 714 1377 quisque
743 1332 825 1366 loco
852 1336 1028 1366 nostrum
1059 1335 1131 1372 est,
1160 1331 1319 1372 iudices,
1344 1336 1473 1373 natus,

147 1387 216 1414 aut
241 1379 284 1419 si,
314 1379 354 1413 in
381 1390 457 1424 qua
482 1378 640 1413 fortuna
669 1383 728 1413 est
756 1378 941 1413 nascendi
964 1378 1075 1413 initio
1099 1378 1345 1420 constitutus,
1371 1378 1474 1414 huno

145 1426 250 1462 vitae
285 1431 430 1461 statum
464 1437 587 1471 usque
621 1425 669 1460 ad
703 1429 941 1461 senectutem
974 1426 1148 1470 optinere
1180 1425 1348 1467 deberet,
1374 1429 1415 1461 et
1442 1426 1474 1461 si

147 1485 292 1515 omnes,
311 1485 406 1518 quos
423 1477 492 1508 aut
509 1473 667 1508 fortuna
685 1473 823 1508 extulit
841 1476 909 1508 aut
926 1473 1099 1518 ipsorum
1115 1472 1343 1508 inlustravit
1365 1473 1473 1508 labor

148 1526 188 1556 et
206 1521 407 1560 industria,
427 1532 549 1564 poena
566 1528 697 1556 essent
720 1521 935 1561 adficiendi,
954 1532 1029 1555 non
1056 1521 1211 1566 gravior
1234 1520 1277 1555 L.
1296 1519 1474 1556 Cornelio

146 1580 264 1615 quam
281 1568 415 1603 multis
433 1568 528 1603 viris
546 1568 656 1603 bonis
682 1572 799 1614 atque
821 1567 988 1603 fortibus
1016 1568 1199 1603 constitui
1224 1567 1284 1602 lex
1307 1568 1411 1603 vitae
1436 1573 1475 1604 et

148 1616 320 1651 condicio
346 1615 554 1650 videretur.
607 1615 676 1650 Sin
701 1621 830 1650 autem
859 1615 1072 1650 multorum
1097 1615 1234 1656 virtus,
1261 1615 1475 1661 ingenium,

147 1663 371 1698 humanitas
406 1675 451 1697 ex
484 1663 615 1697 infimo
649 1674 789 1708 genere
822 1666 862 1697 et
895 1663 1070 1697 fortunae
1099 1662 1221 1707 gradu
1254 1674 1332 1698 non
1361 1662 1474 1698 modo

148 1711 335 1746 amicitias
361 1714 399 1745 et
423 1710 479 1745 rei
503 1710 704 1745 familiaris
730 1710 858 1756 copias
884 1714 1091 1745 consecuta
1110 1714 1179 1750 est,
1197 1709 1265 1745 sed
1283 1721 1473 1745 summam

147 1758 313 1798 laudem,
355 1758 530 1798 honores,
570 1757 745 1802 gloriam,
779 1757 1022 1802 dignitatem,
1056 1769 1133 1792 non
1166 1756 1365 1802 intellego,
1406 1769 1476 1793 cur

148 1805 278 1851 potius
304 1805 450 1839 invidia
478 1805 667 1840 violatura
690 1805 876 1839 virtutem
907 1804 948 1838 L.
978 1803 1131 1839 Corneli
1157 1816 1273 1850 quam
1299 1805 1473 1851 aequitas

147 1856 280 1888 vestra
311 1853 497 1898 pudorem
529 1853 610 1887 eius
642 1851 826 1887 adiutura
858 1852 1046 1887 videatur.
1102 1851 1158 1887 19.
1190 1851 1337 1898 Itaque,
1371 1852 1475 1898 quod

148 1900 314 1935 maxime
331 1900 538 1946 petendum
559 1904 631 1940 est,
648 1910 672 1934 a
690 1900 796 1934 vobis
815 1899 954 1934 idcirco
971 1910 1047 1933 non
1065 1904 1167 1944 peto,
1184 1899 1344 1941 indices,
1361 1912 1409 1934 ne
1427 1899 1475 1935 de

148 1956 278 1982 vestra
296 1947 487 1993 sapientia
510 1953 625 1992 atque
643 1947 690 1982 de
706 1950 838 1982 vestra
862 1947 1102 1981 humanitate
1128 1946 1304 1981 dubitare
1329 1947 1472 1981 videar.

150 1993 224 2030 Est
250 1999 380 2030 autem
407 1995 628 2040 petendum,
654 2006 702 2028 ne
726 1994 885 2029 oderitis
911 1994 1123 2039 ingenium,
1141 2006 1190 2029 ne
1215 1994 1361 2029 inimici
1388 1994 1474 2029 sitis

148 2042 376 2083 industriae,
425 2053 473 2076 ne
522 2041 802 2076 humanitatem
849 2041 1154 2094 opprimendam,
1194 2053 1243 2076 ne
1285 2042 1472 2076 virtutem

149 2089 399 2135 poeniendam
424 2089 581 2134 putetis.
632 2089 736 2123 Illud
761 2091 863 2134 peto,
882 2092 938 2129 ut,
959 2089 990 2123 si
1007 2100 1163 2123 causam
1188 2088 1311 2135 ipsam
1338 2100 1405 2134 per
1432 2100 1473 2124 se

150 2137 299 2171 firmam
324 2148 408 2171 esse
434 2142 473 2171 et
498 2136 674 2171 stabilem
692 2136 881 2177 videritis,
907 2135 1074 2170 hominis
1100 2135 1222 2181 ipsius
1250 2141 1475 2171 ornamenta

149 2184 375 2220 adiumenta
392 2195 528 2218 causae
545 2184 677 2230 potius
695 2195 811 2229 quam
830 2183 1104 2229 impedimento
1122 2194 1208 2218 esse
1224 2183 1378 2218 malitis.

197 2231 313 2266 VIII.
348 2230 542 2272 Nascitur,
574 2231 731 2271 iudices,
762 2242 878 2266 causa
907 2230 1059 2265 Corneli
1089 2241 1134 2264 ex
1165 2242 1207 2265 ea
1236 2230 1331 2276 lege,
1358 2241 1473 2276 quam

151 2277 193 2313 L.
214 2278 360 2314 Gellius
380 2277 448 2313 Cn.
468 2277 669 2313 Cornelius
698 2290 743 2312 ex
770 2282 926 2313 senatus
954 2279 1146 2313 sententia
1172 2277 1371 2319 tulerunt3
1399 2288 1475 2322 qua

150 2325 235 2371 lege
252 2326 429 2360 videmus
459 2326 554 2360 satis
584 2337 669 2360 esse
687 2326 823 2366 sancti,
842 2330 887 2360 ut
905 2325 1006 2360 cives
1026 2325 1188 2359 Romani
1208 2325 1286 2359 sint
1313 2325 1352 2364 ii,
1378 2335 1472 2370 quos

151 2373 220 2408 Cn.
264 2373 468 2419 Pompeius
518 2372 563 2407 de
611 2373 760 2408 consilii
810 2373 1005 2408 sententia
1046 2372 1272 2418 singillatim
1314 2372 1473 2407 civitate

150 2420 361 2456 donaverit.
410 2420 604 2456 Donatum
632 2432 716 2456 esse
742 2419 783 2454 L.
811 2419 1033 2455 Cornelium
1058 2431 1239 2465 praesens
1268 2419 1473 2465 Pompeius
