1674 2672
221 244 271 283 18
693 252 829 281 emmo
857 252 928 279 PRO
956 252 1089 279 BALBO.

218 347 334 382 etiam
350 346 392 381 in
408 345 647 391 privatorum
665 345 872 380 voluntate.
921 343 1012 378 Iure
1038 343 1139 377 enim
1163 344 1295 377 nostro
1313 353 1435 388 neque
1452 354 1532 376 mu-

216 398 299 429 tare
318 393 510 428 civitatem
529 392 730 437 quisquam
747 391 894 426 invitus
912 394 1040 435 potest
1057 401 1190 435 neque,
1211 389 1243 423 si
1258 389 1364 430 velit,
1382 393 1533 424 mutare

216 452 294 475 non
315 444 451 485 potest,
469 439 580 474 modo
599 438 835 473 adsciscatur
851 437 898 471 ab
915 449 959 471 ea
976 437 1141 477 civitate,
1159 435 1266 470 cuius
1284 446 1368 469 esse
1386 447 1425 470 se
1443 436 1533 470 civi-

216 487 309 522 tatis
326 486 433 521 velit.
458 486 524 525 Ut,
544 486 576 519 si
595 485 776 519 Gaditani
794 484 977 519 sciverint
993 483 1218 518 nominatim
1243 482 1290 516 de
1307 482 1432 527 aliquo
1449 482 1534 518 cive

220 534 399 574 Romano,
420 537 463 566 ut
481 533 533 567 sit
548 533 582 567 is
601 532 696 566 civis
716 531 939 571 Gaditanus,
965 542 1104 575 magna
1127 532 1297 574 potestas
1325 529 1376 563 sit
1400 533 1534 565 nostro

217 581 291 614 civi
310 579 512 614 mutandae
530 579 710 618 civitatis,
736 590 804 612 nec
821 577 974 612 foedere
990 577 1232 621 impediatur,
1250 586 1324 621 quo
1341 575 1470 610 minus
1488 587 1534 610 ex

220 628 301 661 cive
329 626 499 660 Romano
524 626 618 660 civis
650 625 862 659 Gaditanus
884 624 1007 669 possit
1031 635 1124 657 esse.
1173 622 1228 656 28.
1254 622 1427 657 Duarum
1444 622 1534 657 civi-

219 678 347 708 tatum
363 673 456 707 civis
475 676 607 707 noster
624 684 707 706 esse
725 672 806 706 iure
821 671 924 706 civili
937 682 1048 704 nemo
1061 673 1190 715 potest
1205 683 1213 711 ;
1231 680 1308 703 non
1321 680 1407 704 esse
1420 669 1533 704 huius

220 720 401 760 civitatis,
418 720 484 764 qui
502 731 541 753 se
559 719 624 753 alii
640 719 788 753 civitati
806 718 951 757 dicarit,
965 722 1104 762 potest.
1141 716 1275 760 Neque
1293 716 1417 750 solum
1435 716 1534 751 dica-

218 767 332 807 tione,
360 766 461 812 quod
487 766 528 800 in
557 766 774 800 calamitate
810 764 1030 799 clarissimis
1067 763 1161 797 viris
1201 763 1244 807 Q.
1279 762 1456 803 Maximo,
1491 762 1534 798 G.

221 813 395 854 Laenati,
422 812 464 856 Q.
484 813 660 858 Philippo
677 812 879 850 Nuceriae,¹
903 811 944 846 G.
971 810 1108 845 Catoni
1133 810 1354 850 Tarracone,
1381 809 1423 853 Q.
1442 809 1533 845 Cae-

218 860 333 904 pioni,
350 859 392 893 P.
412 859 559 895 Rutilio
575 859 763 904 Zmyrnae
779 858 946 892 vidimus
964 857 1159 897 accidisse,
1185 860 1227 891 1113
1246 868 1378 890 earum
1402 855 1534 891 civita-

219 911 304 941 tum
334 906 469 941 fierent
496 906 608 947 cives,
645 917 732 940 cum
758 906 854 939 hanc
888 908 976 939 ante
999 904 1175 938 amittere
1199 915 1277 937 non
1302 903 1533 948 potuissent,

218 965 334 999 quam
349 953 420 988 hoc
438 953 561 987 solum
579 953 746 987 civitatis
763 952 973 986 mutatione
986 951 1205 990 vertissent,
1220 950 1286 984 sed
1303 950 1420 985 etiam
1433 954 1533 995 post-

220 1000 367 1034 liminio
384 1004 511 1045 potest
529 999 698 1034 civitatis
723 999 805 1033 fieri
829 998 1001 1032 mutatio.
1049 997 1183 1041 Neque
1202 998 1304 1031 enim
1322 997 1403 1031 sine
1420 1008 1535 1032 causa

220 1047 266 1081 de
297 1046 365 1081 Cn.
400 1046 570 1081 Publicio
606 1046 824 1085 Menandro,
865 1044 1042 1079 libertino
1081 1044 1245 1084 homine,
1278 1055 1393 1089 quem
1432 1044 1535 1089 apud

219 1093 380 1128 maiores
414 1093 531 1138 legati
557 1093 679 1127 nostri
703 1093 742 1126 in
771 1091 965 1126 Graeciam
981 1091 1265 1136 proficiscentes
1283 1091 1533 1134 interpretem

221 1152 350 1175 secum
363 1140 500 1174 habere
518 1140 733 1180 voluerunt,
748 1139 795 1173 ad
808 1139 992 1183 populum
1009 1138 1127 1172 latum
1143 1142 1212 1178 est,
1227 1138 1314 1172 ntis
1330 1137 1534 1179 Publicius,

221 1187 253 1220 si
273 1187 428 1221 domum
445 1187 655 1221 revenisset
681 1191 718 1221 et
746 1185 832 1220 inde
859 1185 1016 1219 Romam
1041 1185 1216 1224 redisset,
1234 1196 1281 1218 ne
1294 1184 1422 1218 minus
1438 1184 1534 1219 civis

219 1238 332 1268 esset.
404 1233 521 1267 Multi
555 1233 669 1267 etiam
707 1233 898 1277 superiore
924 1232 1104 1266 memoria
1136 1231 1236 1266 cives
1270 1231 1431 1266 Romani
1465 1243 1535 1266 sua

219 1280 419 1315 voluntate
435 1280 643 1321 indemnati
661 1284 700 1314 ct
718 1280 925 1314 incolumes
950 1279 1009 1313 his
1033 1278 1148 1312 rebus
1165 1278 1306 1313 relictis
1324 1279 1416 1313 alias
1435 1289 1476 1312 se
1493 1278 1534 1313 in

221 1327 396 1362 civitates
414 1327 669 1361 contulerunt.

267 1372 358 1407 XII.
384 1373 440 1408 29.
467 1373 611 1417 Quodsi
638 1373 711 1407 civi
746 1373 916 1407 Romano
948 1372 1039 1406 licet
1073 1383 1155 1406 esse
1187 1371 1419 1406 Gaditanum
1454 1372 1535 1407 sive

221 1420 333 1455 exilio
353 1420 431 1455 sive
455 1420 692 1465 postliminio
718 1420 797 1454 sive
821 1419 1025 1454 reiectione
1050 1419 1165 1452 huius
1190 1418 1356 1453 civitatis
1382 1420 1442 1458 (1113
1458 1419 1534 1453 iam

221 1467 269 1501 ad
285 1466 419 1501 foedus
437 1467 598 1508 veniam,
618 1467 719 1512 quod
737 1467 784 1501 ad
801 1477 954 1501 causam
972 1465 1068 1500 nihil
1086 1465 1277 1511 pertinet3
1303 1465 1350 1500 de
1366 1465 1534 1500 civitatis

220 1514 322 1548 enim
340 1514 434 1554 iure,
451 1525 527 1548 non
545 1514 591 1548 de
607 1514 822 1548 foederibus
842 1513 1128 1558 disceptamus),
1153 1513 1244 1558 quid
1265 1518 1335 1553 est,
1353 1523 1468 1557 quam
1486 1512 1533 1547 ob

221 1571 302 1594 rem
320 1560 393 1594 civi
412 1560 598 1595 Gaditano
616 1561 655 1594 in
674 1560 771 1594 hanc
789 1560 980 1595 civitatem
998 1560 1126 1593 venire
1143 1571 1220 1593 non
1237 1559 1348 1594 liceat
1361 1559 1378 1594 P
1419 1559 1534 1604 Equi-

221 1607 307 1641 dem
324 1607 437 1652 longe
456 1618 564 1642 secus
583 1607 716 1641 sentio.
755 1607 854 1641 Nam
872 1619 958 1642 cum
976 1619 1021 1641 ex
1038 1606 1213 1641 omnibus
1231 1605 1454 1641 civitatibus
1471 1606 1534 1642 via

221 1654 273 1688 sit
289 1654 330 1687 in
347 1659 530 1695 nostram,
558 1666 719 1699 cumque
745 1655 889 1688 nostris
916 1654 1062 1688 civibus
1087 1657 1216 1698 pateat
1233 1653 1282 1687 ad
1298 1657 1444 1687 ceteras
1460 1653 1535 1688 iter

221 1700 411 1742 civitates,
438 1705 523 1735 tum
552 1713 651 1742 vero,
677 1704 721 1735 ut
747 1712 918 1746 quaeque
943 1701 1140 1734 nobiscum
1158 1700 1320 1734 maxime
1339 1700 1532 1741 societate,

218 1747 392 1788 amicitia,
411 1748 624 1791 sponsione,
643 1748 827 1793 pactione,
855 1748 1007 1782 foedere
1033 1751 1092 1781 0813
1118 1747 1332 1787 coniuncta,
1358 1747 1414 1781 ita
1437 1747 1534 1781 mihi

220 1794 376 1828 maxime
392 1795 655 1829 communione
672 1794 952 1835 beneficiorum,
969 1793 1235 1839 praemiorum,
1260 1793 1427 1828 civitatis
1445 1805 1532 1829 con-

218 1840 334 1875 tineri
350 1840 513 1875 videtur.
562 1841 684 1886 Atqui
701 1846 846 1876 ceterae
865 1842 1038 1876 civitates
1065 1852 1195 1875 omnes
1213 1852 1290 1874 non
1309 1840 1534 1876 dubitarent

217 1892 367 1922 nostros
398 1887 568 1922 homines
597 1889 763 1933 recipere
790 1888 830 1922 in
856 1900 944 1922 suas
971 1888 1158 1927 civitates,
1185 1887 1216 1921 si
1233 1887 1333 1921 idem
1351 1898 1419 1922 nos
1437 1887 1533 1923 iuris

218 1934 442 1968 haberemus
460 1935 560 1979 quod
578 1935 703 1969 ceteri.
755 1934 831 1969 Sed
848 1947 916 1970 nos
934 1946 1008 1969 non
1024 1946 1228 1980 possumus
1254 1939 1292 1969 et
1317 1934 1431 1969 huius
1449 1945 1534 1969 esse

217 1980 385 2015 civitatis
415 1985 454 2015 et
483 1981 653 2015 cuiusvis
683 1987 900 2026 praeterea3
935 1982 1071 2017 ceteris
1101 1993 1322 2015 concessum
1350 1985 1420 2015 est.
1455 1992 1459 1995 ·
1476 1981 1532 2016 30.

219 2027 353 2072 Itaque
370 2028 410 2061 in
439 2027 591 2062 Graecis
618 2028 837 2063 civitatibus
862 2029 1037 2063 videmus
1064 2027 1325 2067 Atheniensis,
1351 2027 1532 2069 Rhodios,

220 2074 543 2115 Lacedaemonios,
573 2079 717 2109 ceteros
743 2075 910 2120 undique
933 2075 1099 2110 adscribi
1133 2075 1417 2120 multarumque
1451 2086 1534 2110 esse

218 2121 367 2155 eosdem
395 2121 564 2155 homines
591 2122 800 2156 civitatum.
852 2121 934 2166 Quo
960 2134 1087 2157 errore
1111 2122 1247 2157 ductos
1276 2121 1357 2156 vidi
1383 2124 1534 2167 egomet

218 2178 294 2201 non
311 2168 435 2202 nullos
454 2168 649 2212 imperitos
668 2168 838 2203 homines
856 2174 1009 2204 nostros
1027 2169 1121 2203 civis
1134 2169 1299 2203 Athenis
1317 2168 1357 2202 in
1373 2179 1533 2203 numero

217 2214 386 2248 iudicum
403 2219 518 2259 atque
534 2214 856 2259 Areopagitarum
874 2220 979 2251 certa
994 2216 1112 2255 tribu,
1136 2221 1240 2250 certo
1256 2226 1427 2256 numero,
1445 2226 1533 2252 cum

217 2261 449 2306 ignorarent,
468 2262 500 2295 si
516 2261 621 2296 illam
632 2262 827 2296 civitatem
845 2267 974 2297 essent
987 2263 1126 2307 adepti,
1141 2263 1240 2297 hanc
1255 2274 1294 2296 se
1308 2261 1532 2307 perdidisse,

217 2308 293 2342 nisi
319 2308 555 2352 postliminio
584 2308 871 2353 reciperassent.
921 2309 1072 2344 Peritus
1101 2321 1188 2344 vero
1211 2310 1337 2344 nostri
1354 2309 1471 2343 moris
1489 2319 1533 2343 ac

216 2355 310 2389 iuris
337 2365 448 2389 nemo
474 2366 664 2400 umquam,
694 2355 759 2400 qui
787 2355 884 2390 hanc
914 2356 1110 2391 civitatem
1143 2356 1309 2390 retinere
1338 2355 1463 2396 vellet,
1492 2355 1533 2389 in

217 2402 330 2436 aliam
349 2413 389 2436 se
406 2402 599 2437 civitatem
618 2402 767 2436 dicavit.
