1674 2672
574 185 756 214 snc'rtoxs
786 174 954 214 54—61.
1384 178 1434 216 27

109 292 222 326 saepe
254 280 302 315 ad
331 279 494 320 infimos,
529 290 605 313 non
639 278 791 324 legibus
821 283 1017 324 tamquam
1047 279 1187 314 tutelas
1223 282 1431 325 pervenire.

110 328 164 364 57.
192 327 396 362 Obiectum
421 332 481 361 est
498 326 627 365 etiam,
653 325 755 371 quod
771 325 812 359 in
829 325 971 360 tribum
995 325 1280 361 Clustuminam
1299 340 1430 374 perve-

108 375 229 415 nerit;
255 373 358 420 quod
382 373 444 408 hic
462 373 670 408 adsecutus
689 377 748 406 est
765 372 863 416 legis
883 372 929 407 de
946 372 1092 408 ambitu
1119 375 1286 418 praemio
1305 376 1430 410 minus

108 422 310 463 invidioso,
328 433 443 466 quam
461 421 526 466 qui
543 420 672 465 legum
691 419 871 465 praemiis
889 421 1115 464 praetoriam
1143 423 1375 457 sententiam
1395 428 1433 458 et

110 474 347 515 praetextam
381 473 510 513 togam
552 472 821 502 consecuntur.
885 466 936 500 Et
975 467 1172 513 adoptatio
1213 469 1432 515 Theophani

108 516 256 561 agitata
272 519 342 556 est,
360 526 429 560 per
446 526 561 560 quam
580 513 783 549 Cornelius
800 514 896 547 nihil
915 518 974 548 est
993 520 1258 561 praeterquam
1278 517 1429 562 propin-

108 575 273 609 quorum
293 574 451 597 suorum
468 561 700 597 hereditates
718 561 934 595 adsecutus«

154 609 302 644 XXVI.
330 609 568 655 Quamquam
598 609 764 643 istorum
790 608 950 649 animos,
969 608 1035 654 qui
1065 609 1142 654 ipsi
1172 609 1350 646 Cornelio
1377 611 1430 645 in-

108 657 254 698 vident,
296 668 374 691 non
414 662 472 691 est
521 655 790 690 difficillimum
837 655 1043 699 mitigare3
1084 667 1189 691 more
1231 657 1429 693 hominum

108 704 296 745 invident,
322 705 362 738 in
387 703 576 738 conviviis
606 702 761 743 rodunt,
794 702 834 736 in
860 703 1012 737 circulis
1041 703 1232 744 vellicant,
1261 717 1337 739 non
1365 705 1432 740 illo

109 751 276 792 inimico,
310 751 378 786 sed
409 751 480 785 hoc
513 750 614 784 malo
651 750 766 785 dente
798 754 974 795 carpunt.
1034 749 1089 785 58.
1117 750 1192 795 Qui
1222 753 1354 787 amicis
1389 752 1430 786 L.

109 798 263 834 Corneli
291 803 358 833 aut
391 797 537 832 inimici
564 801 655 832 sunt
688 803 755 832 aut
788 796 975 837 invident,
1002 797 1029 831 ii
1064 804 1155 833 sunt
1189 798 1278 833 huic
1309 799 1431 833 multo

108 845 373 880 vehementius
397 844 706 891 pertimescendi.
754 843 855 878 Nam
881 844 969 878 huic
994 844 1150 889 quidem
1175 845 1251 891 ipsi
1268 847 1354 891 quis
1372 852 1432 881 est

107 904 292 938 umquam
310 894 493 927 inventus
512 892 691 926 inimicus
709 895 776 926 aut
795 891 883 936 quis
910 892 992 926 iure
1017 903 1099 926 esse
1117 891 1272 937 potuit?
1310 891 1430 937 Quem

106 940 249 975 bonum
267 951 343 975 non
360 939 490 979 coluit,
518 939 627 973 cuius
646 939 823 973 fortunae
839 938 1100 984 dignitatique
1117 950 1193 974 non
1211 941 1401 976 concessit
1415 941 1431 975 Ρ

107 986 299 1022 Versatus
339 987 380 1021 in
414 986 554 1022 intima
589 985 851 1020 familiaritate
893 985 1059 1020 hominis
1097 987 1357 1032 potentissimi
1391 988 1431 1022 in

106 1035 286 1070 maximis
320 1035 464 1069 nostris
497 1033 608 1068 malis
643 1040 759 1078 atque
791 1033 992 1068 discordiis
1025 1034 1216 1068 neminem
1249 1046 1431 1080 umquam

106 1081 264 1118 alterius
280 1081 442 1117 rationis
459 1092 503 1116 ac
516 1080 636 1126 partis
654 1092 731 1115 non
748 1091 802 1120 re,
821 1092 897 1115 non
913 1080 1042 1121 verbo,
1055 1092 1133 1115 non
1145 1081 1258 1116 vultu
1269 1081 1432 1128 denique

106 1128 280 1164 offendit.
330 1128 424 1163 Fuit
440 1128 512 1163 1100
530 1128 610 1162 sive
639 1139 768 1162 meum
795 1127 876 1162 sive
893 1127 949 1162 rei
976 1127 1151 1172 publicae
1176 1128 1310 1170 fatum,
1329 1133 1374 1164 ut
1391 1130 1431 1164 in

107 1187 168 1211 me
185 1188 305 1211 unum
322 1176 446 1211 omnis
463 1175 531 1210 illa
547 1175 746 1210 inclinatio
763 1175 1024 1209 communium
1041 1179 1259 1221 temporum
1285 1177 1430 1211 incum-

107 1223 227 1259 beret.
276 1223 364 1258 Non
382 1222 495 1258 modo
523 1234 601 1257 non
628 1222 816 1257 exultavit
833 1222 872 1256 in
902 1222 1024 1256 ruinis
1042 1223 1187 1258 nostris
1214 1223 1431 1270 vestrisque

108 1271 284 1306 sordibus
312 1269 525 1310 Cornelius,
543 1269 611 1304 sed
627 1269 731 1304 omni
760 1269 892 1310 officio,
909 1269 1104 1310 lacrumis,
1121 1281 1246 1315 opera,
1264 1271 1431 1306 consola-

106 1318 213 1353 tione
241 1318 367 1353 omnis
393 1329 454 1352 me
482 1317 640 1352 absente
664 1328 770 1351 meos
800 1316 1029 1351 sublevavit.
1079 1317 1134 1352 59.
1161 1317 1332 1361 Quorum
1361 1330 1432 1364 ego

105 1365 332 1401 testimonio
363 1376 406 1400 ac
437 1364 618 1410 precibus
651 1375 793 1398 munus
821 1364 893 1399 hoc
922 1364 1108 1399 meritum
1136 1364 1226 1399 huic
1255 1370 1305 1406 et,
1332 1373 1377 1400 ut
1410 1378 1432 1401 a

106 1413 295 1458 principio
321 1412 412 1452 dixi,
445 1412 590 1447 iustam
619 1416 658 1446 et
688 1411 858 1446 debitam
884 1412 1050 1456 gratiam
1079 1411 1203 1446 refero
1234 1423 1431 1458 speroque,

105 1460 264 1500 iudices,
281 1464 326 1494 ut
343 1471 420 1500 eos,
432 1459 499 1506 qui
515 1458 710 1504 principes
727 1458 886 1493 fuerunt
903 1459 1188 1494 conservandae
1207 1460 1344 1494 salutis
1363 1467 1430 1495 aut

106 1507 307 1554 dignitatis
323 1518 440 1548 meae,
457 1506 623 1552 dih'gitis
640 1510 680 1541 et
698 1517 805 1541 caros
830 1505 992 1546 habetis,
1012 1505 1077 1547 sic,
1095 1517 1193 1552 quae
1209 1506 1257 1542 ab
1275 1507 1344 1542 hoc
1360 1519 1430 1553 pro

106 1554 291 1590 facultate
318 1553 499 1593 hominis,
516 1565 588 1599 pro
616 1553 697 1588 loco
721 1552 824 1588 facta
840 1557 944 1595 sunt,
962 1558 1000 1588 01
1027 1558 1138 1599 grata
1155 1565 1238 1589 esse
1262 1554 1372 1589 vobis
1391 1558 1429 1590 et

106 1601 276 1648 probata.
324 1601 414 1636 Non
430 1601 552 1647 igitur
568 1612 591 1636 a
607 1601 699 1641 suis,
725 1611 821 1646 quos
838 1601 964 1636 nullos
983 1601 1110 1641 habet,
1129 1601 1197 1636 sed
1222 1613 1244 1636 a
1260 1613 1430 1643 snorum,

106 1649 172 1695 qui
188 1654 228 1684 01
244 1649 361 1684 multi
373 1652 413 1684 et
429 1652 606 1693 potentes
625 1652 728 1689 sunt,
741 1652 932 1693 urguetur
948 1648 1115 1683 inimicis
1130 1662 1138 1689 ;
1164 1660 1258 1694 quos
1273 1649 1430 1694 quidem

105 1696 288 1732 hesterno
321 1696 383 1731 die
402 1695 471 1731 Cn.
505 1695 711 1741 Pompeius
736 1695 886 1741 copiosa
911 1696 1083 1731 oratione
1101 1700 1139 1730 et
1158 1696 1267 1741 gravi
1285 1708 1428 1737 secum,

107 1743 140 1779 si
156 1743 313 1785 vellent,
330 1743 562 1778 contendere
579 1742 745 1784 iubebat,
761 1743 808 1778 ab
835 1742 906 1777 hoc
922 1742 1061 1788 impari
1088 1743 1298 1778 certamine
1314 1746 1429 1789 atque

104 1790 250 1826 iniusta
267 1791 511 1826 contentione
540 1790 733 1825 avocabat.
782 1789 953 1825 XXVII.
979 1790 1035 1824 60.
1062 1789 1113 1824 Ε1
1139 1790 1214 1825 erit
1232 1802 1351 1836 aequa
1368 1791 1428 1825 lex

107 1842 146 1874 et
170 1838 293 1879 nobis,
319 1838 476 1879 iudices,
492 1842 609 1883 atque
627 1837 816 1878 omnibus,
834 1838 900 1883 qui
924 1837 1071 1872 nostris
1096 1837 1428 1873 familiaritatibus

111 1885 362 1929 inplicantur,
396 1885 644 1920 vehementer
677 1885 798 1925 utilis,
831 1889 876 1919 ut
916 1888 1069 1919 nostras
1102 1884 1322 1920 inimicitias
1357 1885 1431 1930 ipsi

107 1932 211 1968 inter
227 1944 296 1968 nos
311 1944 501 1979 geramus,
516 1932 650 1967 amicis
664 1936 887 1966 nostrorum
899 1932 1143 1967 inimicorum
1157 1937 1430 1978 temperemus.

106 1981 177 2020 Ac,
208 1980 241 2014 si
266 1991 350 2014 mea
377 1979 589 2015 auctoritas
630 1979 726 2014 satis
759 1979 862 2021 apud
892 1979 976 2014 illos
1006 1979 1048 2013 in
1077 1979 1147 2014 hac
1176 1991 1217 2014 re
1246 1980 1428 2025 ponderis

106 2027 277 2067 haberet,
295 2039 382 2062 cnm
410 2038 471 2061 me
495 2026 724 2072 praesertim
749 2038 878 2061 rerum
903 2026 1091 2062 varietate
1108 2031 1223 2072 atque
1241 2039 1316 2061 usu
1346 2027 1429 2072 ipso

108 2074 184 2109 iam
209 2074 436 2120 perdoctum
451 2074 641 2115 viderent,
659 2074 775 2109 etiam
805 2074 852 2109 ab
870 2074 948 2108 illis
966 2085 1030 2109 eos
1059 2074 1269 2109 maioribus
1289 2074 1428 2109 discor-

106 2121 183 2156 diis
209 2133 418 2157 avocarem.
478 2121 634 2156 Etenim
665 2121 894 2156 contendere
923 2121 970 2156 de
996 2132 1036 2155 re
1064 2121 1232 2167 publica,
1266 2132 1354 2156 cum
1389 2121 1428 2156 id

105 2168 299 2209 defendas,
319 2168 421 2215 quod
449 2180 534 2204 esse
561 2168 751 2214 optimum
781 2169 936 2209 sentias,
955 2174 992 2203 et
1022 2168 1182 2203 fortium
1200 2168 1371 2202 virorum
1390 2172 1428 2203 et

106 2227 335 2262 magnorum
372 2216 571 2251 hominum
607 2227 758 2261 semper
797 2216 934 2261 putavi
966 2227 1090 2261 neque
1123 2215 1212 2250 huic
1246 2227 1428 2261 umquam

105 2263 239 2303 labori,
265 2263 398 2307 officio,
415 2264 566 2298 muneri
595 2262 712 2298 defui.
765 2262 840 2298 Sed
869 2263 1068 2298 contentio
1094 2263 1241 2297 tamdiu
1274 2263 1428 2308 sapiens

107 2315 178 2350 est,
212 2310 393 2356 quamdiu
422 2316 490 2346 aut
516 2310 669 2356 proficit
701 2310 847 2356 aliquid
876 2315 955 2350 ant,
986 2310 1018 2344 si
1053 2321 1127 2344 non
1161 2310 1321 2355 proficit,
1351 2321 1427 2345 non

105 2357 214 2394 obest
231 2358 391 2393 civitati.
441 2358 497 2393 61.
523 2357 731 2393 Voluimus
757 2357 952 2404 quaedam,
979 2357 1260 2398 contendimus,
1279 2358 1428 2403 experti
