1674 2672
211 239 259 277 16
677 244 812 272 CICERO
840 244 910 271 PRO
939 242 1070 270 BALBO.

210 338 313 377 dicit,
332 337 501 372 indicant
527 336 699 381 publicae
725 335 890 375 tabulae,
917 338 1114 369 accusator
1138 333 1294 372 fatetur,
1319 332 1388 366 sed
1409 335 1526 377 negat
1656 335 1660 404 i

209 397 252 420 ex
265 385 458 420 foederato
471 383 610 429 populo
625 394 855 427 quemquam
868 381 1051 427 potuisse,
1065 380 1140 414 nisi
1153 380 1186 414 is
1200 379 1364 424 populus
1377 378 1525 413 fundus

210 431 334 466 factus
370 436 482 470 esset,
512 430 553 463 in
587 430 685 463 hanc
711 429 908 463 civitatem
943 428 1082 462 venire.
1132 427 1188 460 20.
1225 425 1256 461 O
1286 426 1524 470 praeclarum

208 479 457 523 interpretem
485 476 590 516 iuris,
621 480 815 510 auctorem
846 475 1102 520 antiquitatis,
1129 476 1380 508 correctorem
1406 479 1523 516 atque

211 525 493 559 emendatorem
506 527 660 558 nostrae
674 522 855 562 civitatis,
867 523 931 567 qui
946 522 1041 556 hanc
1054 532 1213 566 poenam
1226 519 1443 554 foederibus
1457 519 1524 553 ad-

210 572 360 611 scribat,
388 576 432 605 ut
457 570 629 604 omnium
652 570 910 614 praemiorum
936 568 1278 612 beneficiorumque
1303 569 1525 600 nostrorum

209 618 376 663 expertis
402 617 516 651 faciat
542 616 756 651 foederatos
772 616 779 649 1
830 615 929 659 Quid
947 616 1050 649 enim
1067 614 1195 659 potuit
1214 613 1286 647 dici
1304 613 1524 658 imperitius

208 676 322 709 quam
340 664 553 699 foederatos
570 663 732 708 populos
750 662 831 697 fieri
849 662 989 696 fundos
1007 660 1211 707 oportere?
1259 659 1362 694 Nam
1380 659 1419 693 id
1447 671 1523 693 non

210 712 332 756 magis
360 717 418 745 est
446 710 641 755 proprium
666 708 947 744 foederatorum
975 720 1089 754 quam
1115 707 1281 742 omnium
1306 706 1523 743 liberorum.

212 757 286 793 Sed
314 763 439 792 totum
469 758 550 797 hoc,
583 756 737 796 iudices,
765 756 804 789 in
831 767 874 790 ea
900 755 976 790 fuit
1005 755 1176 800 positum
1204 765 1355 798 semper
1378 753 1526 788 ratione

210 809 324 850 atque
353 804 555 842 sententia,
581 807 636 844 ut,
656 814 742 837 cum
767 803 945 837 iussisset
971 802 1133 846 populus
1152 801 1348 835 Romanus
1366 799 1523 845 aliquid,

212 852 244 886 si
271 852 309 886 id
338 851 594 885 adscivissent
622 850 715 884 socii
741 849 872 895 populi
900 861 941 884 ac
969 848 1109 889 Latini,
1128 851 1167 882 et
1195 847 1227 881 si
1253 858 1297 882 ea
1319 847 1391 888 lex,
1409 858 1524 892 quam

210 910 278 933 nos
303 898 541 938 haberemus,
572 897 702 931 eadem
726 896 765 930 in
791 896 931 941 populo
956 896 1084 940 aliquo
1108 898 1306 940 tamquam
1329 893 1371 927 in
1401 893 1524 929 fundo

209 945 424 985 resedisset,
442 949 486 980 ut
505 949 588 978 tum
607 944 690 988 lege
709 943 838 977 eadem
855 943 888 977 is
906 943 1071 988 populus
1090 945 1301 981 teneretur,
1319 952 1396 975 non
1412 943 1458 975 ut
1475 940 1526 975 de

210 996 341 1026 nostro
370 992 451 1026 iure
480 991 622 1036 aliquid
646 990 940 1030 deminueretur,
960 989 1025 1023 sed
1051 991 1097 1023 ut
1123 988 1180 1022 illi
1209 987 1340 1033 populi
1355 991 1424 1022 aut
1440 987 1524 1022 iure

209 1050 263 1079 eo,
292 1038 390 1084 quod
415 1050 437 1072 a
462 1037 572 1072 nobis
602 1041 705 1072 esset
733 1037 997 1076 constitutum,
1015 1039 1083 1070 aut
1099 1035 1225 1080 aliquo
1243 1034 1438 1069 commodo
1453 1037 1523 1069 aut

210 1085 391 1119 beneficio
409 1090 618 1119 uterentur.
668 1084 722 1118 21.
749 1083 854 1118 Tulit
871 1083 972 1127 apud
988 1083 1150 1117 maiores
1167 1086 1319 1116 nostros
1337 1081 1462 1126 legem
1480 1079 1522 1116 G,

210 1132 350 1166 Furius
370 1132 415 1166 de
433 1130 687 1172 testamentis,
706 1130 798 1165 tulit
818 1130 859 1174 Q.
878 1129 1073 1165 Voconius
1093 1129 1139 1163 de
1155 1129 1360 1163 mulierum
1376 1127 1522 1163 heredi-
1573 1139 1576 1142 ·

212 1179 366 1219 tatibus,
393 1178 687 1212 innumerabiles
715 1178 809 1212 aliae
836 1178 940 1222 leges
965 1177 1011 1211 de
1038 1176 1141 1210 civili
1169 1176 1254 1210 iure
1284 1179 1376 1210 sunt
1399 1175 1520 1217 latae3

210 1237 304 1271 quas
332 1225 461 1260 Latini
485 1225 700 1264 voluerunt,
718 1224 964 1258 adsciverunt
979 1238 986 1263 ;
1013 1224 1097 1269 ipsa
1115 1223 1277 1268 denique
1294 1221 1396 1256 Iulia
1413 1221 1523 1268 [qua]

205 1272 291 1317 lege
308 1272 444 1307 civitas
461 1271 517 1306 ita
533 1275 592 1306 est
610 1272 719 1306 sociis
737 1275 776 1305 et
800 1271 948 1305 Latinis
974 1271 1074 1311 data,
1093 1274 1148 1311 ut,
1166 1271 1231 1315 qui
1255 1268 1366 1303 fundi
1389 1268 1523 1314 populi

208 1319 300 1354 facti
334 1330 409 1353 non
438 1323 576 1359 essent,
602 1318 797 1353 civitatem
830 1329 906 1351 non
938 1317 1131 1352 haberent.
1190 1316 1238 1350 In
1271 1327 1346 1362 quo
1378 1327 1520 1359 magna

209 1367 402 1401 contentio
426 1365 732 1400 Heracliensium
756 1369 794 1399 et
812 1364 1156 1409 Neapolitanorum
1173 1361 1259 1403 fuit,
1275 1374 1364 1397 cum
1379 1373 1522 1407 magna

206 1424 293 1458 pars
319 1413 360 1447 in
386 1412 431 1446 iis
460 1412 681 1447 civitatibus
708 1411 872 1446 foederis
901 1411 961 1445 sui
988 1411 1207 1445 libertatem
1233 1409 1384 1444 civitati
1414 1413 1521 1444 ante-

206 1459 334 1494 ferret.
376 1459 574 1494 Postremo
591 1459 685 1493 haec
701 1458 759 1493 vis
777 1462 836 1493 est
853 1458 966 1493 istius
985 1463 1022 1492 et
1040 1457 1136 1492 iuris
1155 1461 1193 1492 et
1212 1457 1330 1498 verbi,
1347 1460 1393 1491 ut
1409 1455 1522 1491 fundi

206 1506 336 1551 populi
352 1506 532 1541 beneficio
549 1509 690 1546 nostro,
708 1517 783 1540 non
803 1517 870 1540 suo
894 1505 977 1539 iure
1001 1505 1106 1539 fiant.
1167 1504 1224 1538 22.
1251 1503 1349 1538 Oum
1373 1502 1521 1548 aliquid

205 1553 369 1598 populus
400 1553 595 1587 Romanus
625 1553 750 1593 iussit,
775 1552 814 1586 id
844 1552 877 1586 si
905 1556 963 1586 est
991 1552 1072 1586 eius
1090 1551 1204 1591 modi,
1222 1554 1268 1585 ut
1285 1550 1518 1596 quibusdam

205 1600 358 1645 populis
374 1600 452 1635 sive
465 1599 667 1634 foederatis
681 1600 761 1634 sive
774 1599 901 1633 liberis
915 1598 1220 1644 permittendum
1232 1609 1317 1632 esse
1328 1597 1520 1638 videatur,

205 1651 250 1681 ut
268 1651 440 1681 statuant
457 1647 530 1692 ipsi
547 1658 624 1681 non
642 1647 688 1680 de
705 1646 859 1686 nostris,
879 1646 946 1680 sed
963 1645 1010 1680 de
1028 1645 1108 1679 suis
1126 1645 1251 1685 rebus,
1270 1656 1344 1690 quo
1359 1644 1443 1678 iure
1459 1644 1519 1678 uti

204 1694 335 1734 velint,
353 1697 449 1735 tum,
468 1699 598 1728 utrum
625 1693 733 1727 fundi
760 1693 852 1727 facti
881 1693 958 1727 sint
984 1704 1032 1726 an
1049 1704 1137 1732 non,
1157 1691 1417 1737 quaerendum
1434 1702 1520 1726 esse

202 1740 381 1781 videtur3
409 1740 454 1774 de
482 1744 616 1775 nostra
642 1751 731 1774 vero
757 1752 798 1774 re
824 1739 988 1784 publica,
1018 1739 1066 1773 de
1098 1745 1233 1773 nostro
1265 1738 1437 1784 imperio,
1472 1737 1518 1773 de

202 1787 345 1822 nostris
380 1787 499 1827 bellis,
537 1787 583 1822 de
616 1787 788 1827 victoria,
823 1787 870 1821 de
904 1786 1030 1821 salute
1064 1785 1204 1820 fundos
1237 1785 1398 1830 populos
1436 1785 1518 1820 fieri

142 1826 187 1877 X]
204 1834 422 1868 noluerunt.
472 1834 541 1867 IX.
568 1833 700 1879 Atqui,
717 1835 749 1868 si
766 1833 1062 1879 imperatoribus
1079 1832 1236 1873 nostris,
1255 1831 1288 1866 si
1303 1831 1465 1873 senatui,
1484 1832 1518 1866 si

204 1881 343 1926 populo
372 1880 543 1915 Romano
576 1893 652 1915 non
685 1881 812 1915 licebit
846 1880 1056 1925 propositis
1088 1879 1269 1924 praemiis
1302 1879 1437 1914 elicere
1470 1890 1516 1913 ex

202 1926 424 1962 civitatibus
470 1928 658 1962 sociorum
701 1933 814 1973 atque
854 1928 1063 1962 amic—orum
1104 1919 1361 1961 foffi'ssimum
1401 1929 1519 1971 atque

203 1974 389 2019 optimum
419 1985 605 2019 quemque
633 1975 679 2009 ad
710 1974 908 2008 subeunda
933 1985 1003 2019 pro
1031 1973 1154 2008 salute
1179 1977 1311 2008 nostra
1338 1972 1518 2018 pericula,

200 2032 350 2055 summa
366 2021 533 2056 utilitate
550 2033 592 2055 ac
610 2022 774 2056 maximo
801 2033 914 2066 saepe
938 2021 1129 2066 praesidio
1152 2019 1377 2064 periculosis
1402 2023 1518 2064 atque

202 2069 349 2113 asperis
374 2068 610 2113 temporibus
636 2068 838 2102 carendum
870 2068 979 2102 nobis
1012 2068 1096 2102 erit.
1145 2067 1201 2101 ⁴23.
1229 2066 1306 2101 Sed
1330 2078 1399 2112 per
1425 2066 1516 2101 deos

202 2114 456 2149 immortales!
482 2126 577 2160 quae
596 2120 654 2149 est
671 2115 747 2149 ista
766 2115 936 2155 societas,
949 2126 1044 2160 quae
1057 2114 1237 2155 amicitia,
1252 2114 1353 2159 quod
1368 2113 1517 2153 foedus,

203 2165 247 2196 ut
272 2165 339 2196 aut
367 2164 499 2196 nostra
526 2161 660 2196 civitas
679 2166 803 2196 careat
822 2162 859 2195 in
881 2162 960 2196 suis
978 2161 1158 2206 periculis
1180 2160 1415 2195 Massiliensi
1431 2171 1518 2205 pro-

202 2213 425 2253 pugnatore,
443 2213 568 2243 careat
596 2208 794 2248 Gaditano,
812 2215 938 2242 careat
967 2208 1195 2252 Saguntino,
1214 2211 1291 2248 aut,
1311 2207 1343 2241 si
1368 2207 1452 2252 quis
1471 2217 1516 2241 ex

201 2255 262 2289 his
296 2255 448 2300 populis
483 2255 535 2289 sit
570 2262 732 2294 exortus,
761 2255 826 2300 qui
861 2260 1012 2290 nostros
1047 2255 1163 2289 duces
1194 2254 1334 2288 auxilio
1362 2253 1515 2294 laboris,

203 2307 438 2337 commeatus
464 2302 633 2346 periculo
662 2313 730 2336 suo
756 2302 907 2337 iuverit.
928 2302 991 2347 qui
1020 2313 1106 2336 cum
1133 2302 1244 2336 hoste
1267 2304 1401 2336 nostro
1417 2311 1515 2335 com·

203 2349 332 2383 minus
358 2349 398 2383 in
425 2349 502 2383 acie
530 2360 640 2394 saepe
657 2349 847 2394 pugium-it,
875 2349 939 2393 qui
959 2360 998 2382 se
1017 2359 1128 2393 saepe
1145 2349 1231 2382 telis
1247 2347 1515 2393 hostium,uqui

203 2395 435 2431 dimicationi
453 2396 600 2440 capitis,
615 2396 679 2441 qui
697 2396 808 2430 morti
828 2395 1019 2436 obiecerit,
1037 2395 1145 2430 nulla
1163 2395 1384 2430 condicione
1400 2394 1515 2429 huius
