<?xml version="1.0" encoding="UTF-8"?>
<!DOCTYPE html PUBLIC "-//W3C//DTD XHTML 1.0 Transitional//EN"
    "http://www.w3.org/TR/xhtml1/DTD/xhtml1-transitional.dtd">
<html xmlns="http://www.w3.org/1999/xhtml" xml:lang="en" lang="en">
 <head>
  <title>
</title>
<meta http-equiv="Content-Type" content="text/html;charset=utf-8" />
  <meta name='ocr-system' content='tesseract 3.04.00' />
  <meta name='ocr-capabilities' content='ocr_page ocr_carea ocr_par ocr_line ocrx_word'/>
</head>
<body>
  <div class='ocr_page' id='page_1' title='image "./probalbo00ciceuoft/probalbo00ciceuoft_0039.png"; bbox 0 0 1674 2672; ppageno 0'>
   <div class='ocr_carea' id='block_1_1' title="bbox 586 181 1439 219">
    <p class='ocr_par' dir='ltr' id='par_1_1' title="bbox 586 181 1439 219">
     <span class='ocr_line' id='line_1_1' title="bbox 586 181 1439 219; baseline 0 -2"><span class='ocrx_word' id='word_1_1' title='bbox 586 190 768 218; x_wconf 78' lang='lat' dir='ltr'>SECTIONS</span> <span class='ocrx_word' id='word_1_2' title='bbox 799 181 967 219; x_wconf 80' lang='lat'>61—6-5.</span> <span class='ocrx_word' id='word_1_3' title='bbox 1390 181 1439 218; x_wconf 76' lang='lat'>29</span> 
     </span>
    </p>
   </div>
   <div class='ocr_carea' id='block_1_2' title="bbox 105 285 1443 1126">
    <p class='ocr_par' dir='ltr' id='par_1_2' title="bbox 105 285 1443 1126">
     <span class='ocr_line' id='line_1_2' title="bbox 106 285 1440 332; baseline -0.001 -9"><span class='ocrx_word' id='word_1_4' title='bbox 106 287 140 323; x_wconf 85' lang='lat' dir='ltr'>si</span> <span class='ocrx_word' id='word_1_5' title='bbox 158 287 343 322; x_wconf 78' lang='lat' dir='ltr'>foederati</span> <span class='ocrx_word' id='word_1_6' title='bbox 370 286 515 332; x_wconf 87' lang='lat' dir='ltr'>populi,</span> <span class='ocrx_word' id='word_1_7' title='bbox 541 286 575 320; x_wconf 85' lang='lat' dir='ltr'>si</span> <span class='ocrx_word' id='word_1_8' title='bbox 602 285 704 326; x_wconf 88' lang='lat' dir='ltr'><strong>socii,</strong></span> <span class='ocrx_word' id='word_1_9' title='bbox 732 286 765 320; x_wconf 85' lang='lat' dir='ltr'>si</span> <span class='ocrx_word' id='word_1_10' title='bbox 792 285 848 320; x_wconf 90' lang='lat' dir='ltr'>illi</span> <span class='ocrx_word' id='word_1_11' title='bbox 873 285 1025 331; x_wconf 72' lang='lat' dir='ltr'>antiqui</span> <span class='ocrx_word' id='word_1_12' title='bbox 1052 285 1197 326; x_wconf 80' lang='lat' dir='ltr'>Latini,</span> <span class='ocrx_word' id='word_1_13' title='bbox 1225 285 1364 326; x_wconf 79' lang='lat' dir='ltr'><strong>videte,</strong></span> <span class='ocrx_word' id='word_1_14' title='bbox 1393 298 1440 322; x_wconf 83' lang='lat' dir='ltr'>ne</span> 
     </span>
     <span class='ocr_line' id='line_1_3' title="bbox 105 333 1439 378; baseline 0 -9"><span class='ocrx_word' id='word_1_15' title='bbox 105 335 243 370; x_wconf 78' lang='lat' dir='ltr'><strong>utilius</strong></span> <span class='ocrx_word' id='word_1_16' title='bbox 270 334 376 369; x_wconf 82' lang='lat' dir='ltr'>vobis</span> <span class='ocrx_word' id='word_1_17' title='bbox 403 339 442 368; x_wconf 74' lang='lat' dir='ltr'>et,</span> <span class='ocrx_word' id='word_1_18' title='bbox 469 333 670 368; x_wconf 69' lang='lat' dir='ltr'>honestius</span> <span class='ocrx_word' id='word_1_19' title='bbox 697 333 749 368; x_wconf 71' lang='lat' dir='ltr'>sit</span> <span class='ocrx_word' id='word_1_20' title='bbox 775 333 851 367; x_wconf 85' lang='lat' dir='ltr'>illis</span> <span class='ocrx_word' id='word_1_21' title='bbox 877 333 1042 367; x_wconf 79' lang='lat' dir='ltr'>ducibus</span> <span class='ocrx_word' id='word_1_22' title='bbox 1067 344 1197 367; x_wconf 82' lang='lat' dir='ltr'>errare</span> <span class='ocrx_word' id='word_1_23' title='bbox 1223 344 1340 378; x_wconf 88' lang='lat' dir='ltr'>quam</span> <span class='ocrx_word' id='word_1_24' title='bbox 1367 334 1439 369; x_wconf 88' lang='lat' dir='ltr'>hoc</span> 
     </span>
     <span class='ocr_line' id='line_1_4' title="bbox 106 379 1441 428; baseline -0.001 -11"><span class='ocrx_word' id='word_1_25' title='bbox 106 382 296 428; x_wconf 78' lang='lat' dir='ltr'>magistro</span> <span class='ocrx_word' id='word_1_26' title='bbox 324 381 482 415; x_wconf 75' lang='lat' dir='ltr'><strong>erudiri.</strong></span> <span class='ocrx_word' id='word_1_27' title='bbox 536 379 612 415; x_wconf 85' lang='lat' dir='ltr'>Sed</span> <span class='ocrx_word' id='word_1_28' title='bbox 631 381 662 414; x_wconf 88' lang='lat' dir='ltr'>si</span> <span class='ocrx_word' id='word_1_29' title='bbox 688 380 735 415; x_wconf 88' lang='lat' dir='ltr'>de</span> <span class='ocrx_word' id='word_1_30' title='bbox 762 385 878 420; x_wconf 81' lang='lat' dir='ltr'><strong>certo,</strong></span> <span class='ocrx_word' id='word_1_31' title='bbox 905 380 951 414; x_wconf 85' lang='lat' dir='ltr'>de</span> <span class='ocrx_word' id='word_1_32' title='bbox 969 380 1183 425; x_wconf 80' lang='lat' dir='ltr'>perspicuo,</span> <span class='ocrx_word' id='word_1_33' title='bbox 1203 379 1249 414; x_wconf 86' lang='lat' dir='ltr'>de</span> <span class='ocrx_word' id='word_1_34' title='bbox 1276 381 1374 421; x_wconf 80' lang='lat' dir='ltr'>utili,</span> <span class='ocrx_word' id='word_1_35' title='bbox 1395 381 1441 416; x_wconf 85' lang='lat' dir='ltr'>de</span> 
     </span>
     <span class='ocr_line' id='line_1_5' title="bbox 106 427 1440 475; baseline -0.001 -11"><span class='ocrx_word' id='word_1_36' title='bbox 106 429 278 475; x_wconf 81' lang='lat' dir='ltr'>probato,</span> <span class='ocrx_word' id='word_1_37' title='bbox 307 429 355 463; x_wconf 85' lang='lat' dir='ltr'>de</span> <span class='ocrx_word' id='word_1_38' title='bbox 380 428 550 463; x_wconf 83' lang='lat' dir='ltr'>iudicato</span> <span class='ocrx_word' id='word_1_39' title='bbox 580 427 688 462; x_wconf 79' lang='lat' dir='ltr'>vobis</span> <span class='ocrx_word' id='word_1_40' title='bbox 713 428 796 462; x_wconf 87' lang='lat' dir='ltr'><strong>iure</strong></span> <span class='ocrx_word' id='word_1_41' title='bbox 827 439 910 462; x_wconf 73' lang='lat' dir='ltr'>esse</span> <span class='ocrx_word' id='word_1_42' title='bbox 937 427 1254 462; x_wconf 76' lang='lat' dir='ltr'>constituendum</span> <span class='ocrx_word' id='word_1_43' title='bbox 1284 428 1440 468; x_wconf 75' lang='lat' dir='ltr'>videtis,</span> 
     </span>
     <span class='ocr_line' id='line_1_6' title="bbox 106 475 1440 520; baseline -0.001 -9"><span class='ocrx_word' id='word_1_44' title='bbox 106 476 227 511; x_wconf 77' lang='lat' dir='ltr'><strong>nolite</strong></span> <span class='ocrx_word' id='word_1_45' title='bbox 252 476 505 516; x_wconf 73' lang='lat' dir='ltr'><strong>committere,</strong></span> <span class='ocrx_word' id='word_1_46' title='bbox 539 479 583 509; x_wconf 77' lang='lat' dir='ltr'>ut</span> <span class='ocrx_word' id='word_1_47' title='bbox 617 475 658 509; x_wconf 87' lang='lat' dir='ltr'>in</span> <span class='ocrx_word' id='word_1_48' title='bbox 686 486 726 509; x_wconf 89' lang='lat' dir='ltr'>re</span> <span class='ocrx_word' id='word_1_49' title='bbox 752 478 833 509; x_wconf 74' lang='lat' dir='ltr'>tam</span> <span class='ocrx_word' id='word_1_50' title='bbox 861 475 1079 510; x_wconf 76' lang='lat' dir='ltr'>inveterata</span> <span class='ocrx_word' id='word_1_51' title='bbox 1113 475 1318 520; x_wconf 82' lang='lat' dir='ltr'>quicquam</span> <span class='ocrx_word' id='word_1_52' title='bbox 1348 475 1440 510; x_wconf 85' lang='lat' dir='ltr'>novi</span> 
     </span>
     <span class='ocr_line' id='line_1_7' title="bbox 107 522 1440 563; baseline -0.001 -5"><span class='ocrx_word' id='word_1_53' title='bbox 107 523 294 558; x_wconf 73' lang='lat' dir='ltr'>sentiatis.</span> <span class='ocrx_word' id='word_1_54' title='bbox 345 524 401 558; x_wconf 78' lang='lat'>65.</span> <span class='ocrx_word' id='word_1_55' title='bbox 430 522 554 557; x_wconf 88' lang='lat' dir='ltr'>Simul</span> <span class='ocrx_word' id='word_1_56' title='bbox 567 528 604 557; x_wconf 75' lang='lat' dir='ltr'>et</span> <span class='ocrx_word' id='word_1_57' title='bbox 624 522 698 563; x_wconf 86' lang='lat' dir='ltr'>illa,</span> <span class='ocrx_word' id='word_1_58' title='bbox 718 522 875 563; x_wconf 85' lang='lat' dir='ltr'><strong>iudices,</strong></span> <span class='ocrx_word' id='word_1_59' title='bbox 888 522 1018 557; x_wconf 84' lang='lat' dir='ltr'>omnia</span> <span class='ocrx_word' id='word_1_60' title='bbox 1028 527 1118 556; x_wconf 82' lang='lat' dir='ltr'>ante</span> <span class='ocrx_word' id='word_1_61' title='bbox 1137 522 1268 556; x_wconf 83' lang='lat' dir='ltr'>oculos</span> <span class='ocrx_word' id='word_1_62' title='bbox 1288 529 1440 557; x_wconf 76' lang='lat' dir='ltr'>vestros</span> 
     </span>
     <span class='ocr_line' id='line_1_8' title="bbox 105 569 1440 618; baseline -0.001 -12"><span class='ocrx_word' id='word_1_63' title='bbox 105 571 322 618; x_wconf 71' lang='lat' dir='ltr'>proponite,</span> <span class='ocrx_word' id='word_1_64' title='bbox 340 570 509 616; x_wconf 85' lang='lat' dir='ltr'><strong>primum</strong></span> <span class='ocrx_word' id='word_1_65' title='bbox 527 581 611 605; x_wconf 83' lang='lat' dir='ltr'>esse</span> <span class='ocrx_word' id='word_1_66' title='bbox 628 580 761 604; x_wconf 89' lang='lat' dir='ltr'><strong>omnes</strong></span> <span class='ocrx_word' id='word_1_67' title='bbox 779 569 894 604; x_wconf 75' lang='lat' dir='ltr'>etiam</span> <span class='ocrx_word' id='word_1_68' title='bbox 914 574 1000 614; x_wconf 72' lang='lat' dir='ltr'>post,</span> <span class='ocrx_word' id='word_1_69' title='bbox 1016 574 1178 604; x_wconf 78' lang='lat' dir='ltr'><strong>mortem</strong></span> <span class='ocrx_word' id='word_1_70' title='bbox 1204 581 1289 604; x_wconf 84' lang='lat' dir='ltr'>reos</span> <span class='ocrx_word' id='word_1_71' title='bbox 1307 570 1440 604; x_wconf 82' lang='lat' dir='ltr'>claris-</span> 
     </span>
     <span class='ocr_line' id='line_1_9' title="bbox 107 616 1439 663; baseline -0.002 -10"><span class='ocrx_word' id='word_1_72' title='bbox 107 618 224 654; x_wconf 85' lang='lat' dir='ltr'>simos</span> <span class='ocrx_word' id='word_1_73' title='bbox 259 617 345 652; x_wconf 85' lang='lat' dir='ltr'>illos</span> <span class='ocrx_word' id='word_1_74' title='bbox 381 619 495 658; x_wconf 83' lang='lat' dir='ltr'><strong>viros,</strong></span> <span class='ocrx_word' id='word_1_75' title='bbox 521 617 589 663; x_wconf 89' lang='lat' dir='ltr'>qui</span> <span class='ocrx_word' id='word_1_76' title='bbox 627 616 843 652; x_wconf 80' lang='lat' dir='ltr'>foederatos</span> <span class='ocrx_word' id='word_1_77' title='bbox 869 617 1029 651; x_wconf 77' lang='lat' dir='ltr'>civitate</span> <span class='ocrx_word' id='word_1_78' title='bbox 1054 616 1261 656; x_wconf 76' lang='lat' dir='ltr'>donarunt,</span> <span class='ocrx_word' id='word_1_79' title='bbox 1296 617 1439 652; x_wconf 82' lang='lat' dir='ltr'>deinde</span> 
     </span>
     <span class='ocr_line' id='line_1_10' title="bbox 108 664 1440 710; baseline -0.002 -10"><span class='ocrx_word' id='word_1_80' title='bbox 108 671 295 707; x_wconf 75' lang='lat' dir='ltr'>senatum,</span> <span class='ocrx_word' id='word_1_81' title='bbox 313 665 381 710; x_wconf 87' lang='lat' dir='ltr'>qui</span> <span class='ocrx_word' id='word_1_82' title='bbox 406 665 476 699; x_wconf 87' lang='lat' dir='ltr'>hoc</span> <span class='ocrx_word' id='word_1_83' title='bbox 502 664 699 704; x_wconf 75' lang='lat' dir='ltr'>iudicavit,</span> <span class='ocrx_word' id='word_1_84' title='bbox 725 664 922 710; x_wconf 86' lang='lat' dir='ltr'>populum,</span> <span class='ocrx_word' id='word_1_85' title='bbox 949 664 1015 709; x_wconf 88' lang='lat' dir='ltr'>qui</span> <span class='ocrx_word' id='word_1_86' title='bbox 1041 664 1169 704; x_wconf 75' lang='lat' dir='ltr'>iussit,</span> <span class='ocrx_word' id='word_1_87' title='bbox 1196 664 1354 703; x_wconf 83' lang='lat' dir='ltr'>iudices,</span> <span class='ocrx_word' id='word_1_88' title='bbox 1374 665 1440 710; x_wconf 86' lang='lat' dir='ltr'>qui</span> 
     </span>
     <span class='ocr_line' id='line_1_11' title="bbox 106 711 1440 759; baseline -0.001 -11"><span class='ocrx_word' id='word_1_89' title='bbox 106 712 380 759; x_wconf 73' lang='lat' dir='ltr'>adprobarunt.</span> <span class='ocrx_word' id='word_1_90' title='bbox 430 712 530 746; x_wconf 87' lang='lat' dir='ltr'>Tum</span> <span class='ocrx_word' id='word_1_91' title='bbox 547 711 665 746; x_wconf 81' lang='lat' dir='ltr'>etiam</span> <span class='ocrx_word' id='word_1_92' title='bbox 679 711 775 746; x_wconf 90' lang='lat' dir='ltr'>illud</span> <span class='ocrx_word' id='word_1_93' title='bbox 801 712 982 757; x_wconf 59' lang='lat' dir='ltr'>cognatm,</span> <span class='ocrx_word' id='word_1_94' title='bbox 1009 711 1064 746; x_wconf 84' lang='lat' dir='ltr'>sic</span> <span class='ocrx_word' id='word_1_95' title='bbox 1082 711 1211 745; x_wconf 81' lang='lat' dir='ltr'>vivere</span> <span class='ocrx_word' id='word_1_96' title='bbox 1229 723 1272 746; x_wconf 82' lang='lat' dir='ltr'>ac</span> <span class='ocrx_word' id='word_1_97' title='bbox 1297 711 1440 747; x_wconf 77' lang='lat' dir='ltr'><strong>vixisse</strong></span> 
     </span>
     <span class='ocr_line' id='line_1_12' title="bbox 107 758 1439 804; baseline -0.001 -9"><span class='ocrx_word' id='word_1_98' title='bbox 107 759 340 800; x_wconf 88' lang='lat' dir='ltr'>Cornelium,</span> <span class='ocrx_word' id='word_1_99' title='bbox 369 764 425 800; x_wconf 72' lang='lat' dir='ltr'>ut,</span> <span class='ocrx_word' id='word_1_100' title='bbox 465 770 554 793; x_wconf 87' lang='lat' dir='ltr'>cum</span> <span class='ocrx_word' id='word_1_101' title='bbox 591 759 765 793; x_wconf 85' lang='lat' dir='ltr'><strong>omnium</strong></span> <span class='ocrx_word' id='word_1_102' title='bbox 790 763 1036 804; x_wconf 73' lang='lat' dir='ltr'>peccatorum</span> <span class='ocrx_word' id='word_1_103' title='bbox 1073 758 1319 804; x_wconf 80' lang='lat' dir='ltr'>quaestiones</span> <span class='ocrx_word' id='word_1_104' title='bbox 1348 759 1439 800; x_wconf 75' lang='lat' dir='ltr'><strong>sint,</strong></span> 
     </span>
     <span class='ocr_line' id='line_1_13' title="bbox 106 805 1440 851; baseline -0.001 -9"><span class='ocrx_word' id='word_1_105' title='bbox 106 818 183 842; x_wconf 88' lang='lat' dir='ltr'>non</span> <span class='ocrx_word' id='word_1_106' title='bbox 209 807 256 842; x_wconf 86' lang='lat' dir='ltr'>de</span> <span class='ocrx_word' id='word_1_107' title='bbox 283 806 467 842; x_wconf 72' lang='lat' dir='ltr'>vitiorum</span> <span class='ocrx_word' id='word_1_108' title='bbox 494 818 654 841; x_wconf 87' lang='lat' dir='ltr'>suorum</span> <span class='ocrx_word' id='word_1_109' title='bbox 684 817 816 851; x_wconf 83' lang='lat' dir='ltr'>poena,</span> <span class='ocrx_word' id='word_1_110' title='bbox 843 806 911 841; x_wconf 87' lang='lat' dir='ltr'>sed</span> <span class='ocrx_word' id='word_1_111' title='bbox 940 805 987 840; x_wconf 84' lang='lat' dir='ltr'>de</span> <span class='ocrx_word' id='word_1_112' title='bbox 1012 806 1174 841; x_wconf 67' lang='lat' dir='ltr'>virtutis</span> <span class='ocrx_word' id='word_1_113' title='bbox 1201 806 1372 851; x_wconf 89' lang='lat' dir='ltr'>praemio</span> <span class='ocrx_word' id='word_1_114' title='bbox 1399 807 1440 841; x_wconf 87' lang='lat' dir='ltr'>in</span> 
     </span>
     <span class='ocr_line' id='line_1_14' title="bbox 107 852 1442 894; baseline -0.001 -5"><span class='ocrx_word' id='word_1_115' title='bbox 107 854 292 890; x_wconf 86' lang='lat' dir='ltr'><strong>iudicium</strong></span> <span class='ocrx_word' id='word_1_116' title='bbox 321 859 491 889; x_wconf 76' lang='lat' dir='ltr'>vocetur.</span> <span class='ocrx_word' id='word_1_117' title='bbox 553 853 727 888; x_wconf 71' lang='lat' dir='ltr'>Accedat</span> <span class='ocrx_word' id='word_1_118' title='bbox 763 854 880 889; x_wconf 81' lang='lat' dir='ltr'>etiam</span> <span class='ocrx_word' id='word_1_119' title='bbox 919 852 1025 894; x_wconf 84' lang='lat' dir='ltr'>illud,</span> <span class='ocrx_word' id='word_1_120' title='bbox 1062 857 1107 888; x_wconf 67' lang='lat' dir='ltr'>ut]</span> <span class='ocrx_word' id='word_1_121' title='bbox 1142 853 1327 888; x_wconf 62' lang='lat' dir='ltr'>stannatis</span> <span class='ocrx_word' id='word_1_122' title='bbox 1369 853 1442 888; x_wconf 87' lang='lat' dir='ltr'>hoc</span> 
     </span>
     <span class='ocr_line' id='line_1_15' title="bbox 106 900 1443 946; baseline -0.001 -9"><span class='ocrx_word' id='word_1_123' title='bbox 106 901 260 943; x_wconf 87' lang='lat' dir='ltr'><strong>iudicio,</strong></span> <span class='ocrx_word' id='word_1_124' title='bbox 278 907 412 936; x_wconf 83' lang='lat' dir='ltr'><strong>utrum</strong></span> <span class='ocrx_word' id='word_1_125' title='bbox 429 900 590 946; x_wconf 77' lang='lat' dir='ltr'>posthac</span> <span class='ocrx_word' id='word_1_126' title='bbox 616 901 804 936; x_wconf 75' lang='lat' dir='ltr'>amicitias</span> <span class='ocrx_word' id='word_1_127' title='bbox 823 901 1014 936; x_wconf 85' lang='lat' dir='ltr'>clarorum</span> <span class='ocrx_word' id='word_1_128' title='bbox 1031 900 1201 935; x_wconf 84' lang='lat' dir='ltr'>virorum</span> <span class='ocrx_word' id='word_1_129' title='bbox 1226 900 1443 936; x_wconf 74' lang='lat' dir='ltr'>calamitati</span> 
     </span>
     <span class='ocr_line' id='line_1_16' title="bbox 107 947 1441 990; baseline -0.001 -6"><span class='ocrx_word' id='word_1_130' title='bbox 107 949 330 984; x_wconf 86' lang='lat' dir='ltr'>hominibus</span> <span class='ocrx_word' id='word_1_131' title='bbox 373 961 421 983; x_wconf 86' lang='lat' dir='ltr'>an</span> <span class='ocrx_word' id='word_1_132' title='bbox 462 954 690 983; x_wconf 74' lang='lat' dir='ltr'>ornamento</span> <span class='ocrx_word' id='word_1_133' title='bbox 732 960 817 984; x_wconf 86' lang='lat' dir='ltr'>esse</span> <span class='ocrx_word' id='word_1_134' title='bbox 867 948 1024 983; x_wconf 78' lang='lat' dir='ltr'>malitis.</span> <span class='ocrx_word' id='word_1_135' title='bbox 1091 947 1292 983; x_wconf 74' lang='lat' dir='ltr'>Postremo</span> <span class='ocrx_word' id='word_1_136' title='bbox 1333 948 1441 990; x_wconf 88' lang='lat' dir='ltr'><strong>illud,</strong></span> 
     </span>
     <span class='ocr_line' id='line_1_17' title="bbox 106 995 1443 1038; baseline -0.001 -7"><span class='ocrx_word' id='word_1_137' title='bbox 106 996 265 1038; x_wconf 82' lang='lat' dir='ltr'><strong>iudices,</strong></span> <span class='ocrx_word' id='word_1_138' title='bbox 291 996 411 1031; x_wconf 79' lang='lat' dir='ltr'><strong>fixum</strong></span> <span class='ocrx_word' id='word_1_139' title='bbox 436 996 475 1030; x_wconf 90' lang='lat' dir='ltr'>in</span> <span class='ocrx_word' id='word_1_140' title='bbox 509 996 649 1030; x_wconf 85' lang='lat' dir='ltr'>animis</span> <span class='ocrx_word' id='word_1_141' title='bbox 676 996 819 1031; x_wconf 76' lang='lat' dir='ltr'>vestris</span> <span class='ocrx_word' id='word_1_142' title='bbox 852 999 1035 1036; x_wconf 76' lang='lat' dir='ltr'><strong>tenetote,</strong></span> <span class='ocrx_word' id='word_1_143' title='bbox 1061 1007 1129 1030; x_wconf 82' lang='lat' dir='ltr'>vos</span> <span class='ocrx_word' id='word_1_144' title='bbox 1155 995 1196 1030; x_wconf 91' lang='lat' dir='ltr'>in</span> <span class='ocrx_word' id='word_1_145' title='bbox 1229 995 1300 1030; x_wconf 68' lang='lat' dir='ltr'>hae</span> <span class='ocrx_word' id='word_1_146' title='bbox 1325 1007 1443 1030; x_wconf 81' lang='lat' dir='ltr'>causa</span> 
     </span>
     <span class='ocr_line' id='line_1_18' title="bbox 107 1042 1443 1088; baseline -0.001 -10"><span class='ocrx_word' id='word_1_147' title='bbox 107 1055 186 1078; x_wconf 89' lang='lat' dir='ltr'>non</span> <span class='ocrx_word' id='word_1_148' title='bbox 219 1043 266 1078; x_wconf 88' lang='lat' dir='ltr'>de</span> <span class='ocrx_word' id='word_1_149' title='bbox 291 1043 475 1079; x_wconf 82' lang='lat' dir='ltr'>maleficio</span> <span class='ocrx_word' id='word_1_150' title='bbox 509 1042 551 1077; x_wconf 90' lang='lat' dir='ltr'>L.</span> <span class='ocrx_word' id='word_1_151' title='bbox 586 1042 749 1084; x_wconf 84' lang='lat' dir='ltr'>Comeli,</span> <span class='ocrx_word' id='word_1_152' title='bbox 777 1042 844 1078; x_wconf 84' lang='lat' dir='ltr'>sed</span> <span class='ocrx_word' id='word_1_153' title='bbox 870 1043 916 1078; x_wconf 84' lang='lat' dir='ltr'>de</span> <span class='ocrx_word' id='word_1_154' title='bbox 958 1043 1143 1078; x_wconf 83' lang='lat' dir='ltr'>beneficio</span> <span class='ocrx_word' id='word_1_155' title='bbox 1186 1042 1255 1078; x_wconf 91' lang='lat' dir='ltr'>Cn.</span> <span class='ocrx_word' id='word_1_156' title='bbox 1283 1042 1443 1088; x_wconf 86' lang='lat' dir='ltr'>Pompei</span> 
     </span>
     <span class='ocr_line' id='line_1_19' title="bbox 107 1090 357 1126; baseline -0.004 0"><span class='ocrx_word' id='word_1_157' title='bbox 107 1090 357 1126; x_wconf 78' lang='lat' dir='ltr'>iudicaturos.</span> 
     </span>
    </p>
   </div>
  </div>
 </body>
</html>
