1674 2672
597 205 777 233 ssc‘noxs
805 194 972 234 27—33.
1395 196 1444 235 19

171 297 288 334 XIII.
317 296 392 334 Sed
425 298 487 334 hie
520 302 627 334 totus
661 299 767 333 locus
802 298 1080 344 disputationis
1111 303 1228 344 atque
1257 299 1442 334 orationis

124 357 242 388 meae,
259 345 414 387 iudices,
438 346 612 392 pertinet
639 346 688 380 ad
706 357 908 380 commune
926 346 987 381 ius
1014 346 1290 381 mutandarum
1309 346 1444 381 civita-

123 396 232 435 tum;
257 393 357 427 nihil
374 393 500 433 habet,
519 393 621 446 quod
639 393 692 428 sit
707 393 909 439 proprium
938 393 1138 439 religionis
1165 405 1208 428 ac
1233 393 1444 428 foederum.

125 420 299 475 Defe’ndo
316 440 417 475 enim
444 451 526 475 rem
551 440 786 481 universam,
804 440 951 474 nullam
977 452 1062 475 esse
1087 445 1244 486 gentem
1270 452 1314 475 ex
1339 440 1444 475 omni
1479 455 1481 457 ·

123 487 280 533 regione
310 493 501 522 terrarum
525 498 650 532 neque
675 491 754 521 tam
781 478 1034 522 dissidentem
1060 499 1082 522 a
1106 488 1249 534 populo
1275 487 1446 522 Romano

123 534 208 570 odio
231 534 397 580 quodam
423 539 538 580 atque
564 533 727 569 discidio
754 546 876 579 neque
903 540 981 569 tam
1009 534 1082 569 fide
1108 534 1444 580 benivolentiaque

123 583 378 622 coniunctam,
403 593 448 616 ex
476 592 551 627 qua
570 581 680 616 nobis
699 582 951 616 interdictum
969 581 1020 616 sit
1037 593 1085 616 ne
1101 593 1216 628 quem
1233 582 1446 617 adsciscere

123 628 245 664 civem
273 633 341 664 aut
367 628 522 663 civitate
551 628 691 663 donare
717 629 922 684 possimus.
983 629 1039 663 31.
1077 628 1108 664 Ο
1137 629 1220 664 iura
1238 629 1446 682 praeclara

122 679 239 730 atque
255 675 444 710 divinitus
472 676 547 710 iam
571 675 660 710 inde
677 687 698 710 a
715 676 904 721 principio
923 675 1085 710 Romani
1102 676 1268 711 nominis
1290 688 1312 711 a
1327 677 1444 711 maio-

121 722 229 758 ribus
255 723 400 758 nostris
429 726 657 778 comparata,
685 734 733 757 ne
759 723 846 769 quis
874 727 1052 758 nostrum
1081 723 1167 769 plus
1198 735 1313 777 quam
1329 724 1445 758 unius

122 770 293 806 civitatis
311 782 396 805 esse
411 771 534 815 possit
559 769 853 813 <dissimilitudo
875 770 978 804 enim
997 770 1201 806 civitatum
1218 771 1446 806 varietatem

121 817 217 852 iuris
236 817 373 853 habeat
389 828 545 852 necesse
563 822 650 858 est),
669 829 716 852 ne
729 817 814 863 quis
827 817 974 852 invitus
987 817 1145 853 civitate
1161 822 1337 853 mutetur
1351 829 1446 852 neve

122 864 163 899 in
179 864 338 900 civitate
355 869 506 899 maneat
522 864 688 899 invitus!
740 864 845 899 Haec
872 869 964 899 sunt
992 865 1095 899 enim
1112 864 1368 899 fundamenta
1384 864 1445 899 fir-

121 911 294 947 missima
309 916 462 947 nostrae
478 911 682 952 libertatis,
711 912 770 945 sui
801 923 990 957 quemque
1016 912 1112 947 iuris
1141 916 1179 947 et
1197 912 1389 946 retinendi
1408 916 1447 947 et

122 958 341 994 dimittendi
371 970 453 994 esse
480 958 689 993 dominum.
738 958 844 993 Illud
871 970 962 994 vero
989 959 1071 994 sine
1100 959 1180 994 ulla
1206 959 1448 994 dubitatione

121 1006 286 1042 maxime
301 1011 477 1041 nostrum
494 1005 698 1041 fundavit
688 1006 892 1052 imperium
918 1010 956 1041 et
979 1006 1109 1052 populi
1127 1006 1291 1041 Romani
1307 1018 1448 1041 nomen

121 1054 238 1095 auxit,
257 1053 359 1100 quod
375 1053 554 1107 princeps
572 1053 638 1088 ille
655 1058 803 1088 creator
815 1053 932 1088 huius
949 1053 1069 1094 urbis,
1082 1053 1282 1094 Romulus,
1295 1052 1448 1088 foedere

123 1081 266 1136 Sabino
283 1100 413 1136 docuit
429 1101 545 1136 etiam
557 1100 736 1135 hostibus
753 1100 980 1146 recipiendis
995 1101 1128 1146 augeri
1142 1101 1240 1135 hanc
1251 1101 1448 1136 civitatem

121 1152 308 1193 oportere.
359 1148 479 1183 Cuius
505 1148 737 1183 auctoritate
763 1152 802 1182 et
828 1148 1000 1193 exemplo
1025 1160 1234 1201 numquam
1253 1152 1311 1183 est
1329 1148 1446 1182 inter-

120 1195 238 1230 missa
254 1207 277 1230 a
301 1195 508 1230 maioribus
534 1195 680 1230 nostris
705 1195 861 1241 largitio
885 1200 922 1230 et
947 1195 1242 1230 communicatio
1267 1195 1447 1230 civitatis.

123 1241 261 1296 Itaque
287 1247 326 1277 et
355 1254 399 1277 ex
429 1242 542 1277 Latio
572 1242 696 1283 multi,
725 1248 767 1277 ut
794 1242 1009 1283 Tusculani,
1039 1248 1084 1278 ut
1109 1242 1313 1285 Lanuvini,
1338 1250 1376 1277 et
1403 1254 1447 1277 ex

120 1289 256 1324 ceteris
274 1289 495 1336 regionibus
512 1296 647 1335 gentes
664 1290 866 1324 universae
879 1290 918 1324 in
933 1290 1131 1325 civitatem
1151 1294 1242 1325 sunt
1260 1294 1445 1335 receptae,

121 1340 164 1371 ut
185 1335 425 1378 Sabinorum,
443 1336 684 1378 Volscorum,
703 1337 979 1378 Hernicorum,
1007 1337 1146 1383 quibus
1164 1349 1210 1371 ex
1225 1336 1446 1372 civitatibus

120 1395 192 1418 nec
210 1384 332 1419 coacti
350 1387 480 1419 essent
497 1384 657 1419 civitate
675 1385 828 1425 mutari,
847 1384 879 1418 si
897 1384 962 1430 qui
978 1384 1208 1423 noluissent,
1227 1396 1307 1425 nec,
1328 1384 1362 1419 si
1379 1383 1448 1430 qui

119 1435 250 1466 essent
274 1431 470 1466 civitatem
497 1435 667 1466 nostram
693 1431 876 1466 beneficio
900 1431 1031 1477 populi
1056 1431 1216 1466 Romani
1241 1431 1447 1473 consecuti,

121 1478 306 1513 violatum
323 1477 459 1514 foedus
478 1490 610 1514 eorum
626 1478 838 1514 videretur.

167 1525 277 1567 XLV.
312 1526 367 1560 32.
397 1526 554 1560 Etenim
584 1526 769 1572 quaedam
796 1525 950 1561 foedera
968 1529 1134 1568 exstant,
1153 1529 1198 1561 ut
1211 1525 1447 1561 Cenomano-

120 1583 219 1611 rum.
237 1572 472 1615 Insubrium,
491 1573 768 1614 Helvetiorum,
795 1573 997 1619 Iapydum,
1027 1585 1105 1608 non
1134 1573 1327 1608 nullorum
1353 1573 1448 1608 item

119 1631 165 1655 ex
184 1619 307 1656 Gallia
322 1620 582 1661 barbarorum,
608 1632 770 1667 quorum
796 1621 837 1655 in
853 1620 1070 1656 foederibus
1089 1624 1290 1666 exceptum
1309 1625 1380 1661 est,
1399 1631 1448 1654 ne

120 1667 207 1713 quis
226 1679 356 1703 eorum
373 1680 396 1702 a
411 1668 522 1703 nobis
540 1668 635 1703 civis
653 1668 869 1714 recipiatur.
921 1667 1032 1712 Quod
1049 1668 1081 1703 si
1099 1668 1271 1714 exceptio
1288 1667 1382 1702 facit
1399 1679 1448 1702 ne

119 1714 244 1756 liceat,
272 1715 336 1750 ubi
362 1726 440 1750 non
458 1715 509 1750 sit
533 1720 749 1760 exceptum,
768 1715 822 1750 ibi
842 1727 996 1750 necesse
1021 1719 1080 1750 est
1105 1716 1231 1751 licere.
1280 1715 1357 1750 Ubi
1384 1719 1444 1749 est

120 1762 243 1808 igitur
259 1762 299 1796 in
324 1761 477 1797 foedere
503 1761 706 1802 Gaditano,
730 1775 779 1797 ne
804 1774 915 1808 quem
933 1763 1099 1809 populus
1119 1763 1313 1798 Romanus
1334 1761 1447 1797 Gadi-

119 1813 255 1844 tanum
272 1810 434 1855 recipiat
451 1809 638 1844 civitate?
687 1809 902 1855 Nusquam.
954 1809 1012 1844 Ac
1037 1810 1159 1845 sicubi
1186 1814 1299 1851 esset,
1327 1809 1387 1843 lex
1407 1809 1448 1844 id

122 1855 245 1892 Gellia
262 1862 299 1891 et
319 1856 504 1898 Cornelia,
518 1868 615 1902 quae
632 1856 788 1891 definite
801 1860 1035 1903 potestatem
1053 1857 1233 1910 Pompeio
1250 1857 1448 1892 civitatem

120 1903 285 1939 donandi
299 1903 468 1945 dederat
483 1904 718 1939 sustulisset.
743 1904 1023 1950 “Exceptum,”
1039 1905 1177 1958 inquit,
1192 1907 1212 1921 “
1226 1908 1285 1939 est
1297 1904 1445 1945 foedus,

122 1951 313 1997 siquidem
331 1955 615 1986 sacrosanctum
634 1956 704 1986 est.
710 1950 730 1965 ''
762 1951 925 1996 Ignosco
938 1951 1021 1993 tibi,
1040 1952 1072 1986 si
1089 1963 1213 1997 neque
1231 1951 1447 1986 Poenorum

120 1998 206 2033 iura
231 1998 347 2034 calles
381 1999 605 2044 (reliqueras
635 1999 735 2033 enim
763 1999 960 2034 civitatem
991 2000 1111 2042 tuam)
1140 2010 1263 2044 neque
1292 2007 1446 2032 nostras

122 2046 286 2091 potuisti
303 2046 435 2091 leges
426 2046 611 2092 inspicere
625 2061 632 2086 ς
653 2046 758 2090 ipsae
777 2047 877 2081 enim
896 2051 935 2081 te
952 2058 974 2080 a
991 2046 1211 2092 cognitione
1227 2058 1293 2080 sua
1307 2045 1447 2080 iudicio

122 2092 276 2139 publico
304 2093 568 2139 reppulerunt.
619 2093 674 2127 33.
701 2093 803 2137 Quid
830 2093 904 2128 fuit
933 2093 972 2128 in
989 2093 1186 2138 rogatione
1216 2105 1269 2133 ea,
1288 2104 1383 2138 quae
1401 2092 1447 2126 de

124 2139 303 2186 Pompeio
315 2152 337 2175 a
350 2139 472 2175 Gellio
486 2145 524 2175 et
538 2153 559 2175 a
573 2139 737 2175 Lentulo
751 2141 974 2176 consulibus
988 2141 1069 2176 lata
1080 2145 1149 2181 est,
1164 2141 1200 2174 in
1215 2151 1289 2186 quo
1302 2139 1448 2185 aliquid

123 2191 407 2223 sacrosanctum
425 2193 627 2234 exceptum
645 2187 870 2223 videretur?
918 2188 1090 2222 Primum
1110 2188 1211 2222 enim
1231 2198 1446 2221 sacrosanc-

121 2238 208 2270 tum
236 2246 320 2270 esse
351 2235 447 2269 nihil
480 2240 620 2280 potest,
651 2236 725 2269 nisi
752 2235 854 2281 quod
885 2235 1053 2281 populus
1081 2235 1262 2280 plebesve
1297 2234 1446 2275 sanxit;

123 2281 259 2317 deinde
287 2282 502 2317 sanctiones
522 2282 728 2316 sacrandae
759 2287 849 2318 sunt
875 2289 944 2317 aut
971 2294 1108 2327 genere
1139 2283 1220 2328 ipso
1237 2292 1303 2316 aut
1322 2281 1446 2316 obtes-

121 2329 268 2368 tatione
287 2333 326 2364 et
343 2329 628 2364 consecratione
645 2329 743 2375 legis
773 2336 840 2364 aut
858 2341 1011 2374 poenae,
1030 2341 1116 2364 cum
1134 2336 1249 2374 caput
1267 2329 1361 2368 eius,
1381 2328 1446 2373 qui

121 2381 258 2412 contra
289 2375 436 2417 fecerit,
470 2381 726 2412 consecratur.
794 2376 896 2421 Quid
937 2377 1053 2411 habes
1088 2377 1209 2422 igitur
1242 2376 1367 2411 dicere
1401 2375 1447 2410 dc
