1674 2672
632 220 741 252 TEST
762 219 948 252 PAPERS.
1441 224 1460 253 3

460 426 602 462 TES'I·
627 427 824 463 PAPER
846 428 913 463 15.
941 427 997 469 (§§
1015 430 1126 467 1—16.)

164 512 192 541 1.
219 511 402 543 Translate
416 513 527 550 z—(a)
549 512 566 552 ξ
582 513 633 551 10,
653 512 719 544 Cui
736 516 879 544 senatus
896 537 904 544 .
919 537 927 544 .
944 537 952 544 .
970 513 1068 546 vobis
1083 513 1098 544 Ρ

475 568 527 606 (b)
548 568 565 609 ἓ
586 569 638 607 15,
655 568 827 609 Equidem
845 572 968 601 contra
985 593 993 600 .
1005 593 1013 600 .
1025 593 1033 600 .
1051 574 1251 601 exterarum
1268 569 1461 600 nationum.

161 645 192 675 2.
218 645 400 677 Translate
423 646 485 677 the
508 645 687 688 following
709 657 884 688 passages,
901 647 971 679 and
987 647 1089 679 write
1105 647 1204 678 short
1219 650 1319 678 notes
1336 657 1380 678 on
1397 648 1458 678 the

117 689 291 721 italicised
308 691 423 722 words
436 703 489 721 2—-

209 746 262 784 (a)
291 744 359 777 Sed
375 756 445 777 mos
460 750 515 778 est
532 747 703 786 qerzmdus
719 758 788 778 non
805 748 909 779 modo
929 746 1092 779 Cornelio.

210 801 261 839 (b)
288 801 389 832 Hunc
420 802 456 833 in
486 803 660 842 Hispania
690 803 878 834 durissimo
910 803 993 835 belzo
1025 814 1105 835 cum
1137 803 1178 843 Q.
1210 803 1348 834 Metello
1379 814 1457 835 eum

343 847 380 877 C.
391 848 553 890 *Memmio
570 851 606 879 et
621 848 658 878 in
675 847 780 879 classe
796 851 832 879 et
847 848 884 878 in
900 848 1057 879 exercitu
1074 848 1194 879 fuisse.

215 902 263 940 (c)
291 902 328 933 Si
345 902 495 943 denique
512 904 645 944 aliquid
663 914 729 935 non
747 906 879 942 contra,
896 914 937 935 ac
953 904 1085 942 liceret,
1103 904 1239 935 factum
1256 904 1443 935 diceretur.

208 957 262 996 (d)
289 958 398 998 Quasi
414 968 497 990 vero
513 969 581 990 non
598 959 709 991 levius
725 959 781 997 sit,
798 969 877 991 cum
894 959 929 990 in
945 962 1046 991 tanta
1061 970 1099 990 re
1115 959 1254 1000 publica
1270 970 1409 991 versere
1422 963 1459 991 et

339 1003 500 1034 maximis
516 1004 667 1044 negotiis
683 1004 816 1044 praesis
842 1004 959 1035 facere
986 1005 1129 1044 aliquid,
1156 1005 1249 1044 quod
1275 1004 1364 1036 scias
1390 1015 1457 1036 non

340 1047 454 1086 licere,
471 1059 577 1089 quam
594 1049 735 1079 omnino
750 1059 820 1080 non
837 1049 936 1086 seire,
955 1049 1039 1089 quid
1055 1049 1170 1080 liceat.

163 1126 194 1156 3.
223 1126 275 1164 (α)
303 1125 409 1157 What
439 1125 484 1157 do
514 1136 583 1167 you
614 1137 717 1158 mean
750 1127 797 1167 by
827 1127 960 1165 yeneric
995 1126 1216 1165 subjunctive,
1250 1128 1462 1166 predicatum

340 1171 497 1209 yenitive,
510 1171 722 1209 predicative
737 1172 860 1209 dative,
879 1171 1028 1203 ablative
1045 1170 1194 1202 absolute
1207 1170 1223 1202 ?

224 1226 276 1265 (b)
304 1226 391 1303 wgo
409 1237 448 1257 or
462 1227 668 1291 whatpwere
697 1228 736 1258 L.
759 1227 910 1267 Crassus,
936 1227 1057 1266 Gades,
1086 1228 1267 1266 Kartha90‚
1292 1228 1456 1267 proelium

366 1281 547 1302 ucrouense
560 1295 566 1301 .

445 1382 587 1418 TEST
612 1383 808 1418 PAPER
830 1384 898 1418 16.
927 1382 1135 1426 (§§17-30.)

166 1470 193 1499 l.
219 1468 401 1500 Translate
416 1469 484 1507 :—(
489 1469 525 1507 α)
547 1468 563 1508 ξ
578 1469 631 1507 22,
649 1469 739 1500 Cum
753 1469 885 1510 aliquid
903 1493 910 1500 .
923 1493 930 1500 .
943 1494 950 1501 .
967 1469 1207 1510 quaerendum
1221 1480 1296 1501 esse
1311 1470 1459 1502 videtur.

478 1524 528 1564 (b)
550 1524 567 1565 ξ
582 1525 636 1563 25,
655 1526 757 1557 Hanc
773 1528 813 1556 tu
828 1526 937 1566 igitur
953 1549 960 1556 .
973 1549 980 1556 .
993 1549 1000 1556 .
1017 1535 1062 1557 ne
1078 1525 1184 1557 liceat
1199 1525 1295 1566 ipsis.

163 1603 194 1634 2.
221 1603 413 1642 Translate,
431 1603 500 1635 and
515 1604 618 1635 write
635 1604 734 1635 short
750 1606 851 1635 notes
868 1614 912 1634 on
928 1604 991 1635 the
1006 1603 1181 1635 italicised
1196 1604 1311 1635 words
1323 1617 1375 1634 :———

211 1660 264 1698 (a)
291 1659 664 1736 nggntgzgi’gmpeius
681 1660 724 1691 de
741 1660 877 1691 consilii
898 1659 1068 1690 sententia
1088 1659 1293 1700 singillatim
1318 1660 1463 1692 civitate

211 1760 263 1799 (b)
293 1759 462 1800 Quiddam
489 1761 533 1792 de
559 1760 735 1792 communi
760 1759 954 1791 condicione
979 1760 1134 1791 omnium
1163 1763 1316 1791 nostrum
1342 1761 1463 1802 depre-

341 1806 474 1837 candae
490 1806 760 1837 malevolentiae
776 1815 882 1837 causa
898 1805 1222 1835 commemorandum
1239 1805 1391 1836 videtur.

214 1860 263 1899 (c)
291 1859 396 1900 Atqui
427 1864 565 1893 ceterae
597 1861 760 1892 civitates
803 1871 874 1892 non
903 1860 1101 1891 dubitarent
1131 1864 1270 1892 nostros
1306 1860 1465 1892 homines

341 1906 496 1947 recipere
512 1906 548 1937 in
565 1916 646 1937 suas
663 1906 837 1937 civitates.

210 1961 266 2000 (d)
292 1960 334 1992 In
350 1972 497 1993 numero
506 1961 665 2000 judicum
686 1964 792 2002 atque
813 1961 1106 2001 Areopagitarum,
1133 1962 1223 1992 certa
1247 1961 1352 2000 tribu,
1378 1961 1465 1992 certo

341 2016 490 2039 womero,

163 2087 195 2117 3.
223 2086 276 2124 (α)
303 2083 390 2116 who
400 2095 492 2116 were
503 2085 549 2116 M.
561 2085 719 2123 Crassus,
730 2084 768 2115 L.
781 2083 924 2123 Gellius,
936 2084 998 2116 Cn.
1011 2083 1204 2122 Cornelius,
1217 2083 1254 2114 L.
1269 2083 1464 2122 Cornelius,

344 2130 381 2162 C.
400 2130 538 2168 Furius,
556 2131 597 2169 Q.
613 2129 815 2161 Voconius?

226 2185 278 2225 (b)
307 2187 396 2218 How
412 2185 495 2217 does
513 2185 636 2217 Cicero
651 2196 759 2226 prove
775 2186 856 2217 that
872 2183 995 2224 populi
1006 2184 1174 2223 foederati
1195 2183 1258 2215 fall
1275 2184 1388 2215 under
1403 2183 1465 2216 the

341 2230 537 2270 provisions
563 2230 601 2262 of
616 2231 677 2262 the
693 2231 760 2261 Lex
779 2229 890 2261 Gellia
915 2229 1084 2269 Cornelia,
1111 2239 1200 2261 even
1226 2228 1361 2269 though
1378 2229 1463 2269 they

342 2275 433 2308 have
449 2278 512 2307 not
526 2275 693 2318 formally
709 2275 862 2316 adopted
877 2273 933 2306 it?
