1674 2672
234 233 282 270 14
688 240 825 268 CICERO
855 240 927 268 PRO
956 240 1085 267 BALBO.

231 334 264 369 is
298 334 452 374 iuraret,
477 333 714 368 reclamasse.
764 332 861 366 Cum
898 331 1031 366 Graeci
1068 331 1239 366 homines
1275 333 1441 376 spectati
1467 334 1543 368 viri

231 382 425 416 noluerint
454 380 636 424 religione
665 379 786 414 videri
814 378 942 424 potius
973 390 1085 423 quam
1113 379 1275 413 veritate
1309 379 1423 413 fidem
1457 392 1543 416 esse

235 428 494 466 constrictam,
508 438 588 466 nos,
603 426 717 461 etiam
736 426 774 459 in
792 426 875 470 ipsa
888 425 1073 470 religione
1089 428 1128 459 et
1146 425 1275 470 legum
1291 430 1329 460 et
1345 425 1543 462 foederum

231 474 490 509 conservanda
539 473 662 518 qualis
710 472 824 506 fuerit
873 471 939 506 Gn.
980 472 1196 517 Pompeius,
1245 471 1541 509 dubitabimus?

232 521 288 556 13.
315 521 458 556 Utrum
491 520 591 554 enim
625 519 807 554 scientem
835 518 953 553 vultis
988 522 1121 553 contra
1147 518 1303 553 foedera
1327 519 1464 554 fecisse
1493 532 1541 556 an

230 567 486 603 inscientem?
539 566 579 601 Si
605 567 796 606 scientem,
823 577 844 600 o
870 576 1007 600 nomen
1025 566 1149 600 nostri
1173 566 1345 610 imperii!
1371 578 1392 601 0
1409 568 1541 613 populi

231 615 395 649 Romani
422 614 607 648 excellens
633 612 824 657 dignitas!
852 623 873 646 o
899 612 966 646 Cn.
986 612 1142 658 Pompei
1169 612 1224 647 Sic
1249 613 1325 647 late
1351 613 1541 660 longeque

231 661 374 696 diffusa
402 661 495 701 laus,
525 664 568 694 ut
596 659 677 694 eius
710 659 852 704 gloriae
885 659 1117 693 domicilium
1146 660 1361 694 communis
1388 661 1540 706 imperii

231 708 370 742 finibus
388 707 635 742 terminetur!
655 718 676 740 0
690 707 873 746 nationes,
886 705 1012 747 urbes,
1026 705 1169 751 populi,
1183 717 1305 751 reges,
1316 707 1541 748 tetrarchae,

230 755 386 800 tyranni
410 759 530 789 testes
558 752 626 788 On.
644 753 800 798 Pompei
825 764 901 787 non
932 753 1241 799 solum-virtutis
1269 753 1310 787 in
1337 754 1448 796 bello,
1473 755 1541 790 sed

230 802 345 836 etiam
361 801 556 845 religionis
573 801 613 834 in
629 812 720 845 pace
735 801 742 834 Ι
759 811 826 834 vos
841 789 1365 845 deniquefffifit‘a‘essr‘egiones,
1378 801 1539 847 inploro,

230 854 268 883 et
303 848 384 883 sola
424 856 614 882 terrarum
654 847 890 888 ultimarum,
923 858 1001 887 vos,
1035 847 1165 887 maria,
1197 851 1345 892 portus,
1379 848 1540 890 insulae,

229 895 360 930 litora!
412 894 513 938 Quae
538 899 598 928 est
620 894 720 928 enim
738 905 813 934 ora,
830 905 925 938 quae
944 893 1065 935 sedeS,
1084 894 1150 939 qui
1167 894 1285 935 locus,
1302 894 1340 928 in
1365 906 1440 940 quo
1462 907 1540 930 non

230 946 372 986 eutema<
387 941 502 976 huius
536 952 582 975 011
650 940 901 980 fortitudinis,
930 944 1015 975 tum
1043 952 1133 975 vero
1164 940 1429 983 humanitatis,
1451 954 1539 977 cum

210 981 478 1028 ·³5fiiffi1⁹‚‘'fium
505 1011 513 1029 ,
561 999 621 1022 nsi
638 1000 666 1021 11
706 988 881 1030 inpressa
919 987 1118 1032 vestigia?
1179 987 1295 1022 Hunc
1334 989 1539 1034 quisquam

228 1035 447 1069 incredibili
480 1034 642 1080 quadam
674 1038 790 1079 atque
821 1033 995 1069 inaudita
1023 1033 1231 1078 gravitate,
1259 1035 1420 1076 virtute,
1453 1047 1539 1071 con·

229 1082 372 1116 stantia
419 1081 636 1126 praeditum
684 1080 835 1115 foedera
876 1081 1059 1116 scientem
1098 1081 1323 1124 neglexisse,
1363 1082 1539 1123 violasse,

227 1129 378 1174 rupisse
411 1128 537 1163 dicere
569 1127 758 1162 audebit?
819 1127 889 1162 VI.
924 1127 980 1161 14.
1008 1127 1256 1162 Gratificatur
1289 1128 1387 1163 mihi
1423 1134 1539 1175 gestu

228 1180 437 1216 accusator,
455 1175 679 1209 inscientem
697 1174 766 1209 Cn.
780 1174 1005 1219 Pompeium
1021 1174 1157 1209 fecisse
1175 1175 1380 1220 significat.
1421 1176 1540 1220 Quasi

227 1233 317 1257 vero
329 1234 405 1257 non
423 1222 543 1256 levius
562 1222 623 1263 sit,
637 1233 723 1255 cum
737 1221 775 1255 in
789 1226 897 1256 tanta
913 1233 954 1256 re
970 1221 1124 1266 publica
1136 1233 1289 1256 versere
1305 1227 1344 1256 et
1361 1224 1538 1259 maximis

226 1269 392 1313 negotiis
409 1268 568 1313 praesis,
585 1268 708 1303 facere
734 1268 891 1313 aliquid,
917 1268 1018 1313 quod
1045 1268 1143 1303 scias
1171 1280 1249 1304 non
1271 1269 1396 1309 licere,
1423 1282 1538 1316 quam

226 1316 380 1350 omnino
393 1327 470 1350 non
486 1316 594 1354 scire,
610 1315 703 1360 quid
715 1315 836 1349 liceat.
879 1315 1033 1350 Etenim
1050 1319 1193 1356 utrum,
1207 1316 1274 1361 qui
1291 1316 1332 1350 in
1345 1316 1538 1362 Hispania

226 1361 368 1396 bellum
385 1362 613 1397 acerrimum
640 1370 678 1396 et
702 1362 909 1396 maximum
936 1366 1120 1406 gesserat,
1139 1373 1213 1407 quo
1238 1363 1322 1398 iure
1349 1362 1538 1400 Gaditana

226 1408 362 1443 civitas
386 1413 499 1450 esset,
517 1409 710 1443 nesciebat
732 1420 791 1449 an,
808 1421 895 1443 011111
913 1409 972 1443 1115
991 1409 1094 1443 1111115
1111 1409 1243 1454 populi
1258 1414 1400 1452 nosset,
1418 1411 1537 1446 inter-

225 1456 480 1499 pretationem
507 1455 670 1490 foederis
698 1467 774 1490 non
800 1455 987 1490 tenebat?
1037 1456 1084 1490 Id
1100 1456 1220 1501 igitur
1239 1457 1441 1502 quisquam
1467 1457 1535 1493 Cn.

225 1501 448 1547 Pompeium
465 1502 661 1547 ignorasse
678 1502 803 1537 dicere
819 1502 986 1544 audebit,
1005 1503 1106 1548 quod
1124 1503 1335 1538 mediocres
1350 1503 1538 1546 homines,

225 1549 326 1594 quod.
344 1549 449 1584 nullo
467 1561 550 1589 usu,
569 1549 674 1583 nullo
701 1549 830 1584 studio
855 1549 1019 1594 praediti
1044 1549 1211 1591 militari,
1229 1550 1332 1596 quod
1349 1551 1536 1587 librarioli

223 1596 387 1641 denique
406 1608 445 1630 se
464 1596 560 1631 scire
576 1596 856 1641 profiteantur?
897 1596 951 1630 15.
978 1596 1166 1642 Equidem
1190 1601 1326 1632 contra
1349 1598 1537 1640 existimo,

223 1642 378 1682 iudices,
392 1655 478 1677 cum
495 1643 535 1676 in
549 1643 650 1676 omni
664 1655 800 1687 genere
817 1655 859 1677 ac
871 1645 1055 1678 varietate
1072 1643 1224 1685 artium,
1239 1644 1354 1679 etiam
1370 1644 1535 1687 illarum,

223 1700 320 1734 quae
350 1690 430 1723 sine
461 1702 610 1725 summo
638 1690 715 1725 otio
744 1702 819 1724 non
846 1689 957 1725 facile
986 1691 1200 1732 discuntur,
1236 1690 1305 1725 Cn.
1331 1691 1535 1737 Pompeius

223 1736 396 1777 excellat,
416 1736 650 1781 singularem
668 1737 857 1782 quandam
874 1737 1027 1772 laudem
1051 1737 1133 1772 eius
1158 1738 1426 1782 praestabilem
1451 1750 1536 1774 esse

225 1783 420 1817 scientiam
439 1784 479 1817 in
493 1782 724 1824 foederibus,
736 1784 986 1829 pactionibus,
997 1784 1282 1819 condicionibus
1294 1786 1535 1830 populorum,

223 1840 371 1874 regum,
399 1835 617 1864 exterarum
643 1831 855 1872 nationum,
881 1831 919 1865 in
944 1831 1123 1865 universo
1148 1831 1311 1877 denique
1333 1833 1427 1867 belli
1451 1834 1533 1869 iure

223 1880 339 1921 atque
363 1877 491 1921 pacis;
525 1877 599 1911 nisi
625 1877 724 1912 forte
752 1889 806 1918 ea,
834 1889 931 1923 quae
960 1889 1030 1912 nos
1059 1878 1146 1912 libri
1171 1878 1308 1913 docent
1334 1879 1375 1913 in
1398 1879 1535 1915 umbra

222 1926 337 1967 atque
355 1923 443 1964 otio,
461 1935 505 1958 ea
522 1923 589 1958 Cn.
608 1924 828 1969 Pompeium
846 1936 980 1970 neque,
998 1937 1085 1960 eum
1101 1925 1371 1970 requiesceret,
1383 1926 1534 1962 litterae

223 1980 356 2014 neque,
375 1982 460 2004 cum
478 1982 558 2004 rem
576 1976 739 2016 gereret,
757 1972 929 2015 regiones
948 1972 1054 2017 ipsae
1071 1971 1204 2007 docere
1219 1977 1440 2017 potuerunt.

269 2016 410 2062 Atque,
426 2022 471 2051 ut
496 2029 566 2062 ego
594 2018 728 2057 sentio,
746 2018 901 2058 iudices,
919 2030 1032 2053 causa
1057 2019 1159 2053 dicta
1184 2024 1253 2054 est.
1302 2019 1531 2065 Temporum

223 2063 347 2106 magis
364 2075 434 2107 ego
450 2076 552 2098 nunc
570 2064 675 2099 vitiis
693 2076 807 2110 quam
829 2077 968 2110 genere
992 2065 1121 2100 iudicii
1146 2066 1256 2111 plura
1277 2066 1411 2102 dicam.
1460 2066 1532 2101 Est

222 2110 323 2144 enim
363 2110 453 2145 haec
496 2112 633 2145 saeculi
675 2112 860 2156 quaedam
900 2113 1047 2147 macula
1086 2116 1200 2157 atque
1241 2113 1355 2155 labes,
1389 2113 1533 2148 virtuti

221 2155 404 2197 invidere,
419 2157 513 2191 velle
526 2158 652 2202 ipsum
666 2159 795 2192 florem
813 2159 1014 2203 dignitatis
1031 2158 1250 2205 infringere.
1289 2160 1345 2194 16.
1363 2160 1530 2201 Etenim,

223 2203 255 2237 si
280 2202 482 2249 Pompeius
512 2204 646 2239 abhinc
673 2217 790 2239 annos
816 2206 1048 2251 quingentos
1076 2206 1225 2247 fuisset,
1250 2207 1282 2241 is
1301 2207 1371 2248 vir,
1403 2219 1425 2242 a
1454 2219 1530 2253 quo

221 2257 377 2284 senatus
407 2251 691 2286 adulescentulo
715 2258 828 2297 atque
854 2253 983 2298 equite
1008 2253 1178 2288 Romano
1205 2265 1315 2299 saepe
1339 2254 1531 2288 communi

221 2297 339 2331 saluti
355 2297 541 2332 auxilium
559 2299 777 2343 expetisset,
796 2299 903 2334 0111115
920 2311 980 2334 res
999 2304 1132 2344 gestae
1149 2300 1272 2335 omnis
1288 2305 1424 2346 gentes
1443 2312 1529 2335 cum

221 2343 432 2378 clarissima
464 2345 624 2379 victoria
656 2350 759 2380 terra
792 2346 963 2390 marique
994 2352 1274 2392 peragrassent,
1307 2347 1416 2382 cuius
1449 2351 1527 2382 tres

219 2390 407 2436 triumphi
424 2395 544 2426 testes
564 2395 691 2426 essent
709 2396 834 2426 totum
860 2393 988 2427 orbem
1013 2398 1204 2428 terrarum
1221 2399 1353 2429 nostro
1369 2394 1530 2439 imperio
