1674 2672
209 215 260 252 20
665 225 801 254 <nomio
832 224 902 251 PRO
932 223 1063 250 BALBO.

208 316 398 352 Gaditano
430 317 580 352 foedere
598 318 678 352 eius
696 316 828 352 modi?
854 320 986 350 utrum
1004 315 1142 357 capitis
1167 314 1452 349 consecratione
1467 326 1517 348 an

206 364 458 399 obtestatione
482 364 580 409 legis
606 368 889 399 sacrosanctum
914 374 998 397 esse
1030 361 1259 396 confirmas?
1307 360 1416 395 Nihil
1440 372 1516 396 om>-

205 412 296 445 nino
325 422 504 456 umquam
529 411 575 445 de
608 412 684 446 isto
710 410 863 445 foedere
890 410 939 444 ad
965 409 1160 454 populum,
1177 408 1275 442 nihil
1293 407 1340 441 ad
1368 407 1518 453 plebem

206 458 326 492 latum
345 469 425 492 esse
443 469 565 503 neque
581 458 705 503 legem
720 468 843 502 neque
860 467 1019 502 poenam
1043 459 1302 490 consecratam
1319 466 1404 489 esse
1420 454 1516 490 dico.

207 503 265 538 De
283 504 422 549 quibus
440 504 561 550 igitur
579 504 731 539 etiamsi
748 504 872 538 latum
889 511 990 538 esset
1008 514 1054 536 ne
1071 513 1183 547 quem
1195 502 1317 536 civem
1332 502 1517 547 recipere-

207 562 306 591 mus,
323 554 452 585 tamen
469 551 508 585 id
525 555 636 591 esset,
655 551 757 596 quod
773 555 905 595 postea
917 550 1081 595 populus
1095 549 1283 590 iussisset,
1301 552 1431 582 ratum
1445 559 1518 583 nec

209 598 414 643 quicquam
447 597 524 632 illis
564 598 692 632 verbis
726 597 805 632 “SI
846 607 937 638 QUID
976 605 1263 630 SACROSANCTUM
1287 594 1385 629 Esr''
1434 606 1517 630 esse

209 648 410 688 exceptum
435 645 642 684 videretur,
661 645 707 679 de
725 644 773 678 iis
791 653 879 678 cum
906 643 1073 688 populus
1099 642 1294 676 Romanus
1319 641 1419 676 nihil
1434 653 1516 676 um-

208 702 322 735 quam
347 691 516 732 iusserit,
541 692 746 736 quicquam
763 691 882 725 audes
909 690 1036 724 dicere
1062 693 1346 724 sacrosanctum
1361 688 1513 724 fuisse}>

206 737 293 771 XV.
319 738 374 771 34.
400 737 481 772 Nec
498 749 588 772 vero
605 738 726 773 oratio
743 749 827 772 mea
843 737 890 772 ad
908 736 1180 771 infirmandum
1208 736 1345 770 foedus
1364 735 1517 770 Gadita-

206 796 355 825 norum,
372 784 527 825 iudices,
556 785 733 830 pertinet.
781 783 916 829 Neque
940 784 1042 818 enim
1068 788 1128 818 est
1145 794 1272 817 meum
1300 786 1431 817 contra.
1455 783 1517 817 ius

206 830 349 876 optime
365 831 523 866 meritae
550 832 734 871 civitatis,
752 835 884 866 contra
908 830 1122 875 opinionem
1151 830 1369 870 vetustatis,
1386 835 1520 864 contra

207 878 475 913 auctoritatem
505 882 659 913 senatus
693 878 826 912 dicere.
875 877 995 912 Duris
1022 877 1127 911 enim
1155 877 1347 922 quondam
1374 881 1518 922 tempo-

206 924 314 958 ribus
354 925 412 959 rei
437 925 608 969 publicae
641 931 806 965 nostrae,
833 936 920 959 cum
952 929 1178 970 praepotens
1211 928 1315 959 terra
1345 923 1519 969 marique

208 970 401 1016 Carthago
430 972 517 1006 nixa
538 972 686 1007 duabus
704 971 906 1016 Hispaniis
935 971 1024 1005 huic
1052 971 1210 1016 imperio
1225 970 1454 1012 immineret,
1481 975 1520 1005 et

207 1029 295 1052 cum
324 1018 400 1052 duo
417 1017 580 1053 fulmina
595 1019 720 1053 nostri
737 1019 887 1064 imperii
915 1018 1044 1052 subito
1062 1018 1103 1052 in
1119 1017 1317 1062 Hispania,
1335 1016 1403 1052 Cn.
1421 1021 1459 1052 et
1475 1016 1517 1051 P.

210 1063 418 1110 Scipiones,
437 1066 597 1100 extincti
614 1065 853 1107 occidissent,
870 1065 913 1099 L.
927 1065 1107 1105 Marcius,
1121 1065 1237 1110 primi
1248 1064 1318 1110 pili
1333 1064 1519 1104 centurio,

207 1123 295 1146 cum
322 1111 521 1146 Gaditanis
548 1112 681 1147 foedus
707 1113 817 1147 icisse
846 1112 997 1147 dicit-ur.
1049 1111 1160 1156 Quod
1185 1123 1274 1146 cum
1295 1112 1418 1157 magis
1444 1110 1519 1145 fide

206 1158 309 1192 illius
339 1159 481 1203 populi,
510 1159 662 1194 iustitia
689 1163 829 1200 nostra,
858 1163 1056 1194 vetustate
1089 1158 1252 1204 denique
1289 1158 1374 1203 ipsa
1405 1169 1520 1204 quam

207 1205 335 1250 aliquo
351 1205 506 1250 publico
522 1206 677 1241 vinculo
688 1206 884 1251 religionis
899 1210 1111 1246 teneretur,
1129 1206 1324 1251 sapientes
1342 1205 1517 1240 homines

205 1257 243 1286 et
270 1252 412 1296 publici
440 1252 535 1287 iuris
561 1253 684 1298 periti,
720 1252 912 1293 Gaditani,
937 1253 988 1287 M.
1017 1252 1163 1298 Lepido
1189 1251 1231 1296 Q.
1268 1251 1407 1288 Catulo
1432 1263 1519 1287 con-

208 1299 356 1333 sulibus
389 1310 410 1332 a
460 1303 596 1334 senatu
637 1300 683 1334 de
731 1299 883 1335 foedere
939 1300 1241 1345 postulaverunt.
1313 1299 1411 1334 Tum
1459 1303 1520 1334 est

206 1356 294 1379 cum
328 1345 526 1380 Gaditanis
556 1346 692 1381 foedus
725 1347 785 1381 vel
820 1350 1047 1381 renovatum
1086 1347 1147 1381 vel
1180 1346 1322 1387 ictum3
1364 1346 1412 1381 de
1443 1357 1521 1391 quo

206 1391 359 1427 foedere
383 1393 547 1437 populus
578 1393 771 1428 Romanus
800 1394 1029 1428 sententiam
1057 1405 1135 1428 non
1150 1393 1256 1435 tulit,
1272 1393 1340 1439 qui
1367 1393 1519 1428 iniussu

209 1450 279 1473 suo
295 1439 402 1473 nullo
430 1445 540 1484 pacto
567 1444 697 1484 potest
725 1440 907 1485 religione
934 1440 1105 1485 obligari.
1155 1440 1210 1474 35.
1238 1440 1300 1475 Ita
1331 1438 1521 1474 Gaditana

209 1486 358 1526 civitas,
377 1486 478 1531 quod
506 1487 698 1522 beneficiis
718 1487 797 1521 suis
815 1499 909 1531 erga
924 1499 1006 1521 rem
1022 1487 1216 1533 publicam
1234 1490 1408 1522 nostram
1433 1498 1520 1522 con-

210 1532 317 1577 sequi
341 1533 482 1577 potuit,
508 1534 609 1578 quod
633 1534 906 1579 imperatorum
929 1534 1172 1574 testimoniis,
1189 1534 1292 1579 quod
1315 1538 1522 1575 vetustate,

210 1580 310 1624 quod
330 1579 372 1622 Q.
391 1579 530 1621 Catuli,
550 1581 689 1615 summi
713 1581 798 1622 viri,
815 1581 1052 1622 auctoritate,
1069 1581 1172 1626 quod
1195 1580 1334 1615 iudicio
1351 1584 1520 1621 senatus,

210 1626 312 1670 quod
338 1626 500 1667 foedere,
519 1632 724 1663 consecuta
753 1633 835 1668 est3
862 1628 964 1673 quod
993 1628 1146 1673 publica
1170 1628 1354 1673 religione
1379 1628 1522 1662 sanciri

210 1672 351 1717 potuit,
368 1673 407 1707 id
424 1673 555 1715 abest;
581 1675 747 1719 populus
766 1675 868 1709 enim
886 1686 925 1709 se
942 1686 1131 1720 nusquam
1149 1675 1344 1720 obligavit.
1359 1673 1423 1714 *N
1425 1686 1522 1720 eque

211 1719 296 1753 ideo
325 1724 383 1754 est
416 1719 693 1755 Gaditanorum
721 1733 837 1757 causa
865 1721 1053 1761 deterior3
1079 1722 1319 1767 gravissimis
1347 1721 1450 1756 enim
1481 1725 1522 1756 et

210 1766 388 1811 plurimis
406 1767 520 1802 rebus
538 1771 598 1802 est
615 1767 724 1803 fulta.
777 1768 851 1803 Sed
870 1769 937 1803 isti
956 1767 1208 1814 disputationi
1226 1769 1287 1804 hic
1305 1775 1406 1804 certe
1423 1768 1522 1803 nihil

211 1817 271 1847 est
287 1813 368 1847 loci.
419 1813 711 1849 Sacrosanctum
739 1815 839 1849 enim
856 1815 953 1849 nihil
970 1821 1098 1860 potest
1124 1827 1218 1856 esse,
1236 1816 1313 1850 nisi
1328 1815 1432 1861 quod
1455 1826 1523 1860 per

210 1860 394 1904 populum
424 1860 618 1905 plebemve
649 1867 826 1897 sanctum
854 1869 922 1897 est.
972 1861 1081 1897 XVI.
1108 1862 1251 1906 Quodsi
1278 1862 1350 1897 hoc
1373 1862 1521 1903 foedus,

211 1906 311 1951 quod
336 1907 498 1951 populus
526 1908 719 1943 Romanus
753 1914 908 1943 auctore
943 1912 1090 1951 senatu,
1124 1909 1451 1945 commendatione
1483 1917 1522 1943 et

210 1953 352 1987 iudicio
375 1955 595 1995 vetustatis,
632 1956 830 1990 voluntate
864 1963 902 1990 et
936 1956 1140 1991 sententiis
1171 1957 1250 1991 suis
1287 1956 1521 2002 comprobat,

210 2000 310 2034 idem
340 2000 530 2046 suffragiis
561 2003 853 2047 comprobasset,
871 2003 967 2048 quid
991 2007 1083 2044 erat,
1101 2015 1168 2038 cur
1193 2016 1239 2038 ex
1263 2004 1347 2049 ipso
1370 2003 1522 2037 foedere

212 2046 447 2081 Gaditanum
473 2048 513 2081 in
530 2048 728 2083 civitatem
755 2054 925 2084 nostram
953 2050 1072 2095 recipi
1100 2062 1177 2085 non
1205 2050 1364 2085 liceret?
1413 2049 1521 2084 Nihil
1547 2079 1550 2082 .

212 2100 271 2128 est
288 2093 389 2127 enim
413 2094 515 2128 aliud
533 2095 573 2128 in
598 2096 757 2137 foedere,
774 2097 850 2130 nisi
875 2100 920 2130 ut
940 2099 959 2113 “
975 2107 1035 2130 PIA
1063 2107 1107 2131 ΕΤ
1132 2107 1305 2132 AETERNA
1329 2096 1432 2131 PAX”
1457 2097 1520 2130 sit.

212 2139 314 2184 Quid
330 2140 368 2174 id
381 2140 429 2175 ad
445 2141 669 2176 civitatem?
719 2142 962 2178 Adiunctum
984 2144 1080 2178 illud
1097 2144 1213 2179 etiam
1230 2151 1301 2185 est,
1318 2143 1421 2190 quod
1444 2154 1521 2178 non

211 2191 272 2221 est
311 2187 351 2221 in
391 2187 565 2222 omnibus
602 2189 841 2224 foederibus:
879 2192 900 2206 ‘⁶
918 2190 1167 2225 MAIESTATEM
1201 2201 1329 2226 Porum
1365 2190 1521 2225 Romu-1

212 2243 374 2268 coMITER
400 2235 697 2270 consmzvmwso?9
758 2236 805 2270 Id
834 2237 948 2271 habet
977 2237 1076 2272 hanc
1100 2238 1190 2277 vim,
1216 2242 1262 2272 ut
1287 2238 1365 2273 sint
1389 2237 1446 2271 illi
1479 2237 1519 2270 in

211 2281 363 2315 foedere
389 2281 599 2316 inferiores.
660 2282 715 2316 36.
743 2282 914 2317 Primum
941 2284 1046 2318 verbi
1080 2296 1204 2329 genus
1237 2285 1308 2320 hoc
1336 2287 1519 2319 “conser-

210 2327 361 2368 vanto‚”
380 2339 454 2372 quo
471 2329 592 2373 magis
610 2328 650 2363 in
666 2329 814 2374 legibus
832 2341 945 2374 quam
970 2331 1010 2364 in
1035 2331 1249 2366 foederibus
1265 2331 1325 2367 uti
1342 2332 1520 2371 solemus,

210 2374 432 2420 imperantis
461 2380 532 2417 est,
551 2387 627 2411 non
651 2376 855 2421 precantis.
905 2376 1063 2418 Deinde,
1089 2389 1176 2412 cum
1205 2378 1365 2413 alterius
1390 2377 1521 2423 populi

1621 370 1627 375 ⁴
1601 0 1638 344 ‹mg-&mm

1621 405 1644 482 3}
