1674 2672
204 230 253 267 12
649 234 786 263 CICERO
818 234 887 260 PRO
917 231 1048 258 BALBO.

200 331 310 365 cuius
325 341 395 373 ego
409 327 599 363 voluntati
612 327 650 361 in
667 326 748 361 eius
762 325 942 371 periculis
955 324 1061 358 nullo
1075 323 1186 357 modo
1199 322 1332 357 deesse
1344 331 1515 366 possum,

204 378 270 412 sed
290 377 404 411 etiam
422 375 491 410 Cn.
511 374 700 419 Pompeio,
717 373 783 417 qui
801 372 861 406 sui
878 371 981 412 facti,
1001 371 1061 405 sui
1086 369 1229 410 iudicii,
1256 368 1316 403 sui
1341 366 1517 402 beneficii

202 424 326 459 voluit
353 435 415 457 me
443 433 538 462 esse,
563 425 608 455 ut
636 420 739 464 apud
768 418 921 453 eosdem
946 429 1027 459 vos,
1052 417 1207 457 iudices,
1231 427 1355 460 nuper
1379 414 1420 448 in
1445 414 1519 449 alia

203 483 317 505 causa
332 469 484 510 fuerim,
502 472 540 503 et
557 467 856 513 praedicatorem
874 468 913 499 et
931 468 1108 500 actorem.

251 518 281 552 5.
307 517 365 551 Ac
396 516 492 550 mihi
523 515 677 560 quidem
709 513 781 547 hoc
809 512 970 558 dignum
1004 523 1045 546 re
1073 511 1227 555 publica
1254 509 1419 550 videtur,
1447 507 1519 542 hoc

202 565 331 599 deberi
364 563 479 597 huius
513 560 730 596 excellentis
763 559 837 593 viri
870 558 1222 603 praestantissimae
1256 556 1410 602 gloriae,
1446 556 1519 590 hoc

203 611 403 656 proprium
428 620 511 644 esse
535 608 658 643 vestri
683 607 806 646 officii,
832 606 903 640 hoc
928 606 1023 640 satis
1051 617 1134 639 esse
1162 615 1308 644 causae,
1335 606 1391 643 ut,
1416 602 1520 648 quod

203 658 340 692 fecisse
357 657 426 692 Cn.
443 655 668 700 Pompeium
685 657 846 694 constet,
864 653 905 686 id
921 664 1052 687 omnes
1071 653 1106 686 ei
1124 651 1277 686 licuisse
1294 650 1518 685 concedant.

203 704 305 738 Nam
322 704 451 738 verius
469 703 567 737 nihil
585 707 654 741 est,
671 712 786 746 quam
810 700 910 745 quod
935 700 1117 734 hesterno
1145 699 1205 732 die
1233 697 1329 732 dixit
1346 698 1440 741 ipse,
1464 698 1520 734 ita

205 751 246 785 L.
279 750 498 786 Cornelium
527 750 573 784 de
602 748 770 783 fortunis
805 747 983 781 omnibus
1014 746 1203 785 dimicare,
1237 748 1282 779 ut
1309 743 1454 779 nullius
1478 747 1520 781 in

205 798 336 832 delicti
363 797 507 832 crimen
523 799 733 831 vocaretur.
781 793 868 828 Non
894 793 997 828 enim
1021 793 1176 827 furatus
1202 803 1286 826 esse
1310 791 1519 835 civitatem,

204 857 281 879 non
299 856 419 890 genus
439 855 551 878 suum
569 842 784 881 ementitus,
797 853 873 876 non
891 841 931 874 in
947 840 1074 885 aliquo
1090 838 1305 884 impudenti
1322 839 1520 876 mendacio

204 892 412 932 delituisse,
439 902 516 925 non
539 889 749 935 inrepsisse
774 888 814 922 in
840 899 996 922 censum
1023 887 1181 927 dicitur,
1207 897 1327 920 unum
1345 886 1520 930 obicitur,

204 942 338 973 natum
362 949 447 973 esse
477 937 667 978 Gadibus3
703 935 806 978 quod
833 939 950 979 negat
979 945 1100 968 nemo.
1161 933 1298 968 Cetera
1323 939 1521 970 accusator

203 985 360 1026 fatetur,
388 985 489 1019 hunc
518 985 557 1018 in
589 983 778 1028 Hispania
806 982 1010 1016 durissimo
1039 981 1137 1015 bello
1167 992 1253 1014 cum
1283 979 1325 1024 Q.
1350 980 1519 1024 Metello,

206 1044 293 1067 cum
308 1033 348 1067 O.
361 1031 543 1066 Memmio
562 1031 651 1065 etin
665 1031 786 1065 classe
804 1032 842 1063 et
859 1029 898 1062 in
916 1028 1086 1063 exercitu
1103 1027 1235 1068 fuisse,
1252 1031 1297 1061 ut
1314 1027 1519 1074 Pompeius

203 1080 244 1113 in
286 1078 516 1124 Hispaniam
563 1077 713 1112 venerit
760 1075 1060 1120 Memmiumque
1100 1075 1241 1109 habere
1281 1080 1521 1119 quaestorem

205 1126 381 1171 coeperit.
415 1136 625 1170 numquam
651 1136 672 1158 a
697 1122 878 1157 Memmio
908 1122 1144 1162 discessisse,
1176 1120 1412 1167 Carthagine
1436 1135 1521 1159 esse

206 1184 413 1217 opsessum,
438 1171 633 1207 acerrimis
658 1170 734 1204 illis
761 1169 916 1214 proeliis
942 1173 981 1204 et
1007 1169 1195 1208 maximis,
1225 1168 1456 1205 Sucronensi
1481 1174 1520 1206 et

204 1219 393 1260 Turiensi,
411 1218 644 1259 interfuisse,
662 1229 748 1252 cum
766 1216 945 1261 Pompeio
963 1216 1009 1250 ad
1027 1220 1240 1250 extremum
1257 1215 1350 1250 belli
1366 1221 1521 1262 tempus

203 1266 334 1301 fuisse.
384 1267 416 1301 6.
442 1265 549 1300 Haec
566 1269 658 1299 sunt
674 1265 829 1309 propria
853 1263 1015 1303 Corneli,
1033 1263 1155 1308 pietas
1173 1263 1214 1297 in
1230 1274 1313 1297 rem
1329 1264 1522 1308 publicam

204 1317 389 1355 nostram,
422 1313 539 1353 labor,
572 1311 791 1351 assiduitas,
825 1310 1029 1351 dimicatio,
1058 1310 1185 1344 virtus
1220 1310 1336 1355 digna
1371 1323 1521 1350 summo

203 1361 445 1406 imperatore,
464 1371 550 1405 spes
575 1370 646 1404 pro
671 1357 849 1403 periculis
876 1357 1153 1401 praemiorum;
1178 1357 1349 1402 praemia
1365 1359 1520 1404 quidem

203 1408 289 1451 ipsa
312 1419 388 1442 non
415 1412 506 1441 sunt
531 1407 571 1440 in
596 1406 678 1440 eius
703 1405 816 1445 facto,
834 1405 902 1450 qui
919 1404 1082 1449 adeptus
1101 1408 1170 1444 est,
1189 1404 1253 1439 sed
1273 1404 1313 1438 in
1332 1405 1428 1446 eius,
1454 1407 1521 1452 qui

205 1454 321 1489 dedit.
371 1453 447 1488 III.
472 1453 648 1488 Donatus
674 1455 733 1487 est
760 1451 883 1497 igitur
900 1451 946 1486 ob
966 1462 1027 1485 eas
1046 1463 1180 1486 causas
1204 1463 1226 1486 a
1252 1451 1320 1486 Cn.
1338 1452 1521 1499 Pompeio

204 1501 370 1535 civitate.
432 1499 479 1534 Id
512 1504 709 1534 accusator
741 1511 816 1533 non
850 1504 975 1543 negat,
1011 1498 1078 1532 sed
1109 1498 1371 1543 reprehendit,
1404 1505 1449 1535 ut
1480 1501 1522 1535 in

207 1548 380 1583 Cornelio
406 1559 520 1582 causa
547 1547 667 1591 ipsius
693 1546 889 1590 probetur,
907 1556 1028 1590 poena
1046 1551 1264 1590 quaeratur,
1281 1546 1322 1580 in
1340 1546 1522 1591 Pompeio

205 1606 320 1630 causa
336 1594 520 1629 laedatur.
539 1605 659 1639 poena
677 1594 726 1627 sit
743 1592 851 1626 nulla
867 1593 944 1626 nisi
962 1591 1094 1626 famae.
1139 1591 1201 1626 Sic
1215 1593 1522 1629 innocentissimi

204 1642 369 1676 hominis
386 1641 574 1681 fortunas,
588 1639 911 1685 praestantissimi
928 1639 1170 1684 imperatoris
1184 1639 1327 1674 factum
1345 1641 1521 1676 condem·

203 1689 286 1723 nari
303 1689 447 1723 volunt.
499 1688 601 1732 Ergo
618 1688 658 1721 in
676 1687 863 1721 iudicium
879 1691 993 1731 caput
1019 1685 1182 1726 Corneli,
1199 1686 1344 1721 factum
1363 1687 1522 1734 Pompei

207 1740 373 1770 vocatur.
424 1735 538 1769 Hunc
556 1735 657 1768 enim
681 1734 720 1768 in
747 1746 790 1768 ea
815 1734 982 1773 civitate,
1000 1733 1039 1766 in
1057 1745 1133 1778 qua
1151 1734 1202 1768 sit
1220 1739 1347 1774 natus,
1365 1735 1520 1770 honest-

205 1783 338 1817 issimo
363 1782 444 1816 loco
468 1787 603 1816 natum
628 1793 712 1815 esse
737 1781 911 1816 concedis
929 1780 970 1815 et
984 1780 1030 1814 ab
1048 1780 1205 1815 ineunte
1229 1786 1355 1816 aetate
1379 1783 1522 1818 relictis

204 1830 319 1864 rebus
338 1829 416 1863 suis
431 1829 608 1863 omnibus
622 1829 659 1862 in
673 1828 818 1862 nostris
831 1827 944 1862 bellis
958 1828 1101 1861 nostris
1119 1839 1206 1862 cum
1222 1828 1522 1874 imperatoribus

205 1888 288 1911 esse
319 1879 529 1916 versatum,
563 1876 706 1909 nullius
740 1875 893 1915 laboris,
926 1874 1071 1908 nullius
1105 1875 1350 1919 opsessionis,
1374 1877 1522 1912 nullius

203 1923 339 1969 proelii
366 1928 559 1967 expertem
585 1923 717 1956 fuisse.
767 1922 873 1956 Haec
892 1925 982 1956 sunt
1000 1921 1127 1956 omnia
1151 1933 1236 1955 cum
1255 1923 1366 1967 plena
1383 1924 1521 1965 laudis,

203 1975 288 2005 tum
322 1970 474 2014 propria
515 1969 680 2008 Corneli,
714 1980 782 2003 nec
816 1969 854 2002 in
888 1969 935 2002 iis
969 1969 1084 2002 rebus
1118 1969 1262 2003 crimen
1295 1976 1356 2004 est
1388 1971 1522 2005 ullum.

207 2017 236 2052 7.
263 2016 339 2051 Ubi
373 2017 497 2062 igitur
530 2021 589 2050 est
622 2015 796 2050 crimen?
863 2015 972 2058 Quod
1005 2027 1092 2049 eum
1126 2016 1332 2062 Pompeius
1365 2018 1522 2052 civitate

204 2064 371 2098 donavit.
434 2063 560 2097 Huius
602 2062 774 2097 crimen?
836 2063 1008 2102 Minime,
1041 2062 1118 2096 nisi
1151 2063 1270 2098 honos
1311 2064 1522 2109 ignominia

203 2110 374 2156 putanda
392 2116 460 2144 est.
511 2110 628 2144 Cuius
648 2109 797 2155 igitur?
848 2110 904 2144 Re
922 2121 1011 2144 vera
1028 2109 1184 2150 nullius,
1202 2110 1350 2147 actione
1367 2108 1520 2146 accusa-

201 2158 300 2193 toris
317 2157 399 2191 eius
416 2157 543 2197 unius,
569 2157 633 2202 qui
650 2157 817 2191 donavit.
869 2156 941 2200 Qui
967 2157 1001 2190 si
1027 2156 1215 2191 adductus
1242 2158 1368 2202 gratia
1391 2159 1520 2193 minus

204 2205 383 2240 idoneum
409 2204 601 2238 hominem
631 2203 798 2248 praemio
827 2203 1041 2243 adfecisset,
1067 2203 1160 2248 quin
1191 2204 1306 2239 etiam
1335 2205 1367 2239 si
1392 2206 1521 2240 virum

204 2252 358 2291 bonum,
376 2251 444 2285 sed
469 2262 546 2284 non
572 2250 625 2284 ita
642 2251 831 2285 meritum.
859 2251 890 2284 si
916 2251 1079 2295 denique
1105 2251 1248 2295 aliquid
1272 2263 1350 2286 non
1375 2256 1520 2293 contra,

203 2310 246 2333 ac
263 2298 404 2339 liceret,
417 2297 566 2332 factum
581 2296 785 2337 diceretur,
801 2297 866 2331 sed
884 2301 1026 2337 contra,
1041 2301 1156 2342 atque
1173 2302 1377 2342 oporteret,
1391 2303 1521 2334 tamen

203 2349 306 2380 esset
318 2344 442 2379 omnis
460 2344 542 2378 eius
561 2343 661 2378 modi
674 2344 921 2388 reprehensio
935 2357 956 2378 a
968 2343 1089 2384 vobis,
1103 2344 1258 2385 iudices,
1271 2345 1519 2390 repudianda.

201 2393 234 2427 8.
271 2391 385 2427 Nunc
418 2403 508 2426 vero
538 2390 630 2436 quid
660 2390 833 2425 dicitur?
869 2391 962 2435 quid
991 2391 1048 2425 ait
1081 2392 1306 2427 accusator?
1367 2392 1520 2427 Fecisse
